<?xml version="1.0" encoding="UTF-8"?>
<!DOCTYPE html PUBLIC "-//W3C//DTD XHTML 1.0 Transitional//EN"
    "http://www.w3.org/TR/xhtml1/DTD/xhtml1-transitional.dtd">
<html xmlns="http://www.w3.org/1999/xhtml" xml:lang="en" lang="en">
 <head>
  <title>
</title>
<meta http-equiv="Content-Type" content="text/html;charset=utf-8" />
  <meta name='ocr-system' content='tesseract 3.04.00' />
  <meta name='ocr-capabilities' content='ocr_page ocr_carea ocr_par ocr_line ocrx_word'/>
</head>
<body>
  <div class='ocr_page' id='page_1' title='image "4737200_0027.png"; bbox 0 0 1812 3185; ppageno 0'>
   <div class='ocr_carea' id='block_1_1' title="bbox 715 269 1002 311">
    <p class='ocr_par' dir='ltr' id='par_1_1' title="bbox 715 269 1002 311">
     <span class='ocr_line' id='line_1_1' title="bbox 715 269 1002 311; baseline -0.003 -11"><span class='ocrx_word' id='word_1_1' title='bbox 715 296 770 300; x_wconf 40' lang='grc'>,1</span> <span class='ocrx_word' id='word_1_2' title='bbox 834 269 885 311; x_wconf 90' lang='lat'>17</span> <span class='ocrx_word' id='word_1_3' title='bbox 947 295 1002 299; x_wconf 67' lang='grc'><strong>-</strong></span> 
     </span>
    </p>
   </div>
   <div class='ocr_carea' id='block_1_2' title="bbox 164 393 1546 534">
    <p class='ocr_par' dir='ltr' id='par_1_2' title="bbox 164 393 1546 534">
     <span class='ocr_line' id='line_1_2' title="bbox 164 393 1546 452; baseline -0.002 -12"><span class='ocrx_word' id='word_1_4' title='bbox 164 399 370 452; x_wconf 81' lang='lat' dir='ltr'>ignorare.</span> <span class='ocrx_word' id='word_1_5' title='bbox 403 409 507 452; x_wconf 89' lang='lat' dir='ltr'>quae</span> <span class='ocrx_word' id='word_1_6' title='bbox 528 409 627 439; x_wconf 92' lang='lat' dir='ltr'>uero</span> <span class='ocrx_word' id='word_1_7' title='bbox 648 397 698 439; x_wconf 90' lang='lat' dir='ltr'>de</span> <span class='ocrx_word' id='word_1_8' title='bbox 728 397 820 452; x_wconf 88' lang='lat' dir='ltr'>ipso</span> <span class='ocrx_word' id='word_1_9' title='bbox 849 396 994 437; x_wconf 87' lang='lat' dir='ltr'>nostro</span> <span class='ocrx_word' id='word_1_10' title='bbox 1024 394 1116 436; x_wconf 88' lang='lat' dir='ltr'>loco</span> <span class='ocrx_word' id='word_1_11' title='bbox 1137 393 1281 446; x_wconf 86' lang='lat' dir='ltr'>tradit,</span> <span class='ocrx_word' id='word_1_12' title='bbox 1313 406 1362 437; x_wconf 85' lang='lat' dir='ltr'>ex</span> <span class='ocrx_word' id='word_1_13' title='bbox 1382 394 1444 437; x_wconf 88' lang='lat' dir='ltr'>eis</span> <span class='ocrx_word' id='word_1_14' title='bbox 1465 406 1546 437; x_wconf 90' lang='lat' dir='ltr'>non</span> 
     </span>
     <span class='ocr_line' id='line_1_3' title="bbox 165 473 1536 534; baseline -0.001 -14"><span class='ocrx_word' id='word_1_15' title='bbox 165 477 332 533; x_wconf 90' lang='lat' dir='ltr'>equitur</span> <span class='ocrx_word' id='word_1_16' title='bbox 349 478 486 534; x_wconf 81' lang='lat' dir='ltr'>ipsam</span> <span class='ocrx_word' id='word_1_17' title='bbox 507 476 753 534; x_wconf 86' lang='lat' dir='ltr'>proecdosin</span> <span class='ocrx_word' id='word_1_18' title='bbox 773 477 826 520; x_wconf 89' lang='lat' dir='ltr'>ab</span> <span class='ocrx_word' id='word_1_19' title='bbox 848 488 896 518; x_wconf 94' lang='lat' dir='ltr'>eo</span> <span class='ocrx_word' id='word_1_20' title='bbox 909 473 1152 530; x_wconf 74' lang='lat' dir='ltr'>‘inspectam</span> <span class='ocrx_word' id='word_1_21' title='bbox 1169 488 1274 518; x_wconf 88' lang='lat' dir='ltr'>esse.</span> <span class='ocrx_word' id='word_1_22' title='bbox 1315 489 1413 519; x_wconf 90' lang='lat' dir='ltr'>nam</span> <span class='ocrx_word' id='word_1_23' title='bbox 1440 489 1536 519; x_wconf 87' lang='lat' dir='ltr'>cum</span> 
     </span>
    </p>
   </div>
   <div class='ocr_carea' id='block_1_3' title="bbox 97 557 1546 613">
    <p class='ocr_par' dir='ltr' id='par_1_3' title="bbox 97 557 1546 613">
     <span class='ocr_line' id='line_1_4' title="bbox 97 557 1546 613; baseline -0.001 -11"><span class='ocrx_word' id='word_1_24' title='bbox 97 568 102 574; x_wconf 89' lang='grc'><em>·</em></span> <span class='ocrx_word' id='word_1_25' title='bbox 165 571 188 601; x_wconf 88' lang='grc'><strong>6</strong></span> <span class='ocrx_word' id='word_1_26' title='bbox 212 559 444 602; x_wconf 87' lang='lat' dir='ltr'>Maricante</span> <span class='ocrx_word' id='word_1_27' title='bbox 473 559 518 600; x_wconf 91' lang='lat' dir='ltr'>in</span> <span class='ocrx_word' id='word_1_28' title='bbox 546 558 740 613; x_wconf 88' lang='lat' dir='ltr'>parabasi</span> <span class='ocrx_word' id='word_1_29' title='bbox 758 558 913 604; x_wconf 83' lang='lat' dir='ltr'>notata</span> <span class='ocrx_word' id='word_1_30' title='bbox 943 558 1000 613; x_wconf 91' lang='grc'><strong>(11.</strong></span> <span class='ocrx_word' id='word_1_31' title='bbox 1023 557 1125 613; x_wconf 85' lang='grc'>553)</span> <span class='ocrx_word' id='word_1_32' title='bbox 1154 568 1402 612; x_wconf 77' lang='lat' dir='ltr'>cognoscere</span> <span class='ocrx_word' id='word_1_33' title='bbox 1422 557 1546 600; x_wconf 86' lang='lat' dir='ltr'>debe—</span> 
     </span>
    </p>
   </div>
   <div class='ocr_carea' id='block_1_4' title="bbox 157 637 1545 2561">
    <p class='ocr_par' dir='ltr' id='par_1_4' title="bbox 157 637 1545 2561">
     <span class='ocr_line' id='line_1_5' title="bbox 162 637 1545 693; baseline -0.001 -12"><span class='ocrx_word' id='word_1_34' title='bbox 162 639 228 681; x_wconf 85' lang='lat' dir='ltr'>ret</span> <span class='ocrx_word' id='word_1_35' title='bbox 273 637 500 681; x_wconf 89' lang='lat' dir='ltr'>secundam</span> <span class='ocrx_word' id='word_1_36' title='bbox 545 638 731 681; x_wconf 85' lang='lat' dir='ltr'>fabulam</span> <span class='ocrx_word' id='word_1_37' title='bbox 771 638 898 680; x_wconf 86' lang='lat' dir='ltr'>tertio</span> <span class='ocrx_word' id='word_1_38' title='bbox 941 640 1037 693; x_wconf 84' lang='lat' dir='ltr'>post</span> <span class='ocrx_word' id='word_1_39' title='bbox 1070 638 1210 680; x_wconf 88' lang='lat' dir='ltr'>actam</span> <span class='ocrx_word' id='word_1_40' title='bbox 1252 637 1545 680; x_wconf 88' lang='lat' dir='ltr'>annonondum</span> 
     </span>
     <span class='ocr_line' id='line_1_6' title="bbox 162 718 1543 774; baseline 0.001 -14"><span class='ocrx_word' id='word_1_41' title='bbox 162 718 392 774; x_wconf 72' lang='lat' dir='ltr'><strong>perfectam</strong></span> <span class='ocrx_word' id='word_1_42' title='bbox 422 718 570 771; x_wconf 87' lang='lat' dir='ltr'>fuisse,</span> <span class='ocrx_word' id='word_1_43' title='bbox 602 732 735 774; x_wconf 91' lang='lat' dir='ltr'>neque</span> <span class='ocrx_word' id='word_1_44' title='bbox 766 731 832 771; x_wconf 91' lang='lat' dir='ltr'>ea,</span> <span class='ocrx_word' id='word_1_45' title='bbox 872 731 976 774; x_wconf 88' lang='lat' dir='ltr'>quae</span> <span class='ocrx_word' id='word_1_46' title='bbox 1007 718 1057 760; x_wconf 89' lang='lat' dir='ltr'>de</span> <span class='ocrx_word' id='word_1_47' title='bbox 1087 718 1239 761; x_wconf 85' lang='lat' dir='ltr'>Cleone</span> <span class='ocrx_word' id='word_1_48' title='bbox 1267 719 1543 774; x_wconf 79' lang='lat' dir='ltr'>proferuntur,</span> 
     </span>
     <span class='ocr_line' id='line_1_7' title="bbox 162 799 1543 855; baseline 0.003 -15"><span class='ocrx_word' id='word_1_49' title='bbox 162 799 247 841; x_wconf 89' lang='lat' dir='ltr'>nisi</span> <span class='ocrx_word' id='word_1_50' title='bbox 277 800 374 841; x_wconf 89' lang='lat' dir='ltr'>ante</span> <span class='ocrx_word' id='word_1_51' title='bbox 405 799 470 841; x_wconf 91' lang='lat' dir='ltr'>Ol.</span> <span class='ocrx_word' id='word_1_52' title='bbox 495 800 569 851; x_wconf 82' lang='lat'>89,</span> <span class='ocrx_word' id='word_1_53' title='bbox 604 800 630 841; x_wconf 87' lang='grc'><strong>3</strong></span> <span class='ocrx_word' id='word_1_54' title='bbox 658 801 813 855; x_wconf 87' lang='lat' dir='ltr'>scripta</span> <span class='ocrx_word' id='word_1_55' title='bbox 844 812 934 842; x_wconf 88' lang='lat' dir='ltr'>esse</span> <span class='ocrx_word' id='word_1_56' title='bbox 961 801 1151 855; x_wconf 76' lang='lat' dir='ltr'>possent,</span> <span class='ocrx_word' id='word_1_57' title='bbox 1181 800 1284 842; x_wconf 88' lang='lat' dir='ltr'>haec</span> <span class='ocrx_word' id='word_1_58' title='bbox 1305 801 1543 844; x_wconf 87' lang='lat' dir='ltr'>coniectura</span> 
     </span>
     <span class='ocr_line' id='line_1_8' title="bbox 161 880 1542 937; baseline 0.003 -16"><span class='ocrx_word' id='word_1_59' title='bbox 161 892 236 936; x_wconf 88' lang='lat' dir='ltr'>per</span> <span class='ocrx_word' id='word_1_60' title='bbox 278 892 322 922; x_wconf 87' lang='lat' dir='ltr'>se</span> <span class='ocrx_word' id='word_1_61' title='bbox 365 880 460 935; x_wconf 91' lang='lat' dir='ltr'>plus</span> <span class='ocrx_word' id='word_1_62' title='bbox 500 881 872 924; x_wconf 72' lang='lat' dir='ltr'>commendationis</span> <span class='ocrx_word' id='word_1_63' title='bbox 911 881 1107 933; x_wconf 87' lang='lat' dir='ltr'>habebat,</span> <span class='ocrx_word' id='word_1_64' title='bbox 1148 882 1186 923; x_wconf 92' lang='lat' dir='ltr'>si</span> <span class='ocrx_word' id='word_1_65' title='bbox 1227 882 1460 937; x_wconf 89' lang='lat' dir='ltr'>epirrhema</span> <span class='ocrx_word' id='word_1_66' title='bbox 1489 883 1542 925; x_wconf 85' lang='lat' dir='ltr'>ad</span> 
     </span>
     <span class='ocr_line' id='line_1_9' title="bbox 162 961 1541 1018; baseline 0.002 -14"><span class='ocrx_word' id='word_1_67' title='bbox 162 961 405 1016; x_wconf 88' lang='lat' dir='ltr'>proecdosin</span> <span class='ocrx_word' id='word_1_68' title='bbox 430 962 624 1015; x_wconf 89' lang='lat' dir='ltr'>referret,</span> <span class='ocrx_word' id='word_1_69' title='bbox 662 975 788 1017; x_wconf 89' lang='lat' dir='ltr'>quam</span> <span class='ocrx_word' id='word_1_70' title='bbox 824 963 862 1005; x_wconf 90' lang='lat' dir='ltr'>si</span> <span class='ocrx_word' id='word_1_71' title='bbox 897 963 1065 1018; x_wconf 90' lang='lat' dir='ltr'>poetam</span> <span class='ocrx_word' id='word_1_72' title='bbox 1099 963 1386 1006; x_wconf 87' lang='lat' dir='ltr'>retractandae</span> <span class='ocrx_word' id='word_1_73' title='bbox 1421 964 1541 1007; x_wconf 86' lang='lat' dir='ltr'>fabu—</span> 
     </span>
     <span class='ocr_line' id='line_1_10' title="bbox 161 1042 1541 1099; baseline 0.002 -14"><span class='ocrx_word' id='word_1_74' title='bbox 161 1042 226 1085; x_wconf 87' lang='lat' dir='ltr'>lae</span> <span class='ocrx_word' id='word_1_75' title='bbox 264 1044 355 1086; x_wconf 91' lang='lat' dir='ltr'>tam</span> <span class='ocrx_word' id='word_1_76' title='bbox 395 1043 635 1086; x_wconf 85' lang='lat' dir='ltr'>diuturnam</span> <span class='ocrx_word' id='word_1_77' title='bbox 674 1056 843 1099; x_wconf 83' lang='lat' dir='ltr'>operam</span> <span class='ocrx_word' id='word_1_78' title='bbox 884 1043 1083 1086; x_wconf 76' lang='lat' dir='ltr'>tribuisse</span> <span class='ocrx_word' id='word_1_79' title='bbox 1123 1044 1338 1087; x_wconf 83' lang='lat' dir='ltr'>statueret.</span> <span class='ocrx_word' id='word_1_80' title='bbox 1398 1047 1541 1088; x_wconf 88' lang='lat' dir='ltr'>nostra</span> 
     </span>
     <span class='ocr_line' id='line_1_11' title="bbox 161 1125 1541 1180; baseline 0.002 -14"><span class='ocrx_word' id='word_1_81' title='bbox 161 1126 303 1167; x_wconf 89' lang='lat' dir='ltr'>autem</span> <span class='ocrx_word' id='word_1_82' title='bbox 335 1137 430 1167; x_wconf 93' lang='grc'><strong>611111</strong></span> <span class='ocrx_word' id='word_1_83' title='bbox 463 1126 672 1168; x_wconf 88' lang='lat' dir='ltr'>sententia</span> <span class='ocrx_word' id='word_1_84' title='bbox 700 1126 804 1169; x_wconf 89' lang='lat' dir='ltr'>bene</span> <span class='ocrx_word' id='word_1_85' title='bbox 839 1125 1021 1171; x_wconf 87' lang='lat' dir='ltr'>concinit</span> <span class='ocrx_word' id='word_1_86' title='bbox 1052 1137 1100 1167; x_wconf 87' lang='lat' dir='ltr'>ea</span> <span class='ocrx_word' id='word_1_87' title='bbox 1128 1125 1257 1176; x_wconf 88' lang='lat' dir='ltr'>ratio,</span> <span class='ocrx_word' id='word_1_88' title='bbox 1301 1138 1381 1180; x_wconf 90' lang='lat' dir='ltr'>qua</span> <span class='ocrx_word' id='word_1_89' title='bbox 1412 1126 1541 1169; x_wconf 84' lang='lat' dir='ltr'>Calli-</span> 
     </span>
     <span class='ocr_line' id='line_1_12' title="bbox 160 1206 1542 1262; baseline 0.001 -15"><span class='ocrx_word' id='word_1_90' title='bbox 160 1206 358 1248; x_wconf 85' lang='lat' dir='ltr'>machum</span> <span class='ocrx_word' id='word_1_91' title='bbox 378 1206 592 1261; x_wconf 89' lang='lat' dir='ltr'>uituperat</span> <span class='ocrx_word' id='word_1_92' title='bbox 620 1207 732 1262; x_wconf 78' lang='grc' dir='ltr'>(πῶς</span> <span class='ocrx_word' id='word_1_93' title='bbox 768 1206 802 1250; x_wconf 77' lang='grc' dir='ltr'>δ’</span> <span class='ocrx_word' id='word_1_94' title='bbox 822 1206 875 1250; x_wconf 79' lang='grc' dir='ltr'>οὐ</span> <span class='ocrx_word' id='word_1_95' title='bbox 913 1211 1113 1250; x_wconf 75' lang='grc' dir='ltr'><em>συνεῖδεν</em></span> <span class='ocrx_word' id='word_1_96' title='bbox 1136 1226 1177 1250; x_wconf 83' lang='grc' dir='ltr'>κ.</span> <span class='ocrx_word' id='word_1_97' title='bbox 1200 1225 1234 1250; x_wconf 66' lang='lat' dir='ltr'>r.</span> <span class='ocrx_word' id='word_1_98' title='bbox 1256 1207 1332 1262; x_wconf 74' lang='grc' dir='ltr'><strong>λ.).</strong></span> <span class='ocrx_word' id='word_1_99' title='bbox 1371 1219 1481 1258; x_wconf 91' lang='lat' dir='ltr'>nam,</span> <span class='ocrx_word' id='word_1_100' title='bbox 1504 1208 1542 1249; x_wconf 88' lang='lat' dir='ltr'>si</span> 
     </span>
     <span class='ocr_line' id='line_1_13' title="bbox 160 1287 1541 1343; baseline -0.001 -12"><span class='ocrx_word' id='word_1_101' title='bbox 160 1288 343 1343; x_wconf 85' lang='lat' dir='ltr'>priorem</span> <span class='ocrx_word' id='word_1_102' title='bbox 363 1287 549 1330; x_wconf 87' lang='lat' dir='ltr'>fabulam</span> <span class='ocrx_word' id='word_1_103' title='bbox 572 1288 764 1330; x_wconf 88' lang='lat' dir='ltr'>manibus</span> <span class='ocrx_word' id='word_1_104' title='bbox 795 1287 1002 1329; x_wconf 89' lang='lat' dir='ltr'>tenuisset</span> <span class='ocrx_word' id='word_1_105' title='bbox 1017 1300 1150 1341; x_wconf 90' lang='lat' dir='ltr'>neque</span> <span class='ocrx_word' id='word_1_106' title='bbox 1178 1287 1312 1329; x_wconf 90' lang='lat' dir='ltr'>solam</span> <span class='ocrx_word' id='word_1_107' title='bbox 1334 1288 1541 1330; x_wconf 85' lang='lat' dir='ltr'>rationem</span> 
     </span>
     <span class='ocr_line' id='line_1_14' title="bbox 160 1368 1540 1424; baseline 0.001 -14"><span class='ocrx_word' id='word_1_108' title='bbox 160 1368 213 1410; x_wconf 89' lang='lat' dir='ltr'>ad</span> <span class='ocrx_word' id='word_1_109' title='bbox 247 1381 295 1410; x_wconf 90' lang='lat' dir='ltr'>ea</span> <span class='ocrx_word' id='word_1_110' title='bbox 330 1368 600 1411; x_wconf 85' lang='lat' dir='ltr'>discernenda</span> <span class='ocrx_word' id='word_1_111' title='bbox 636 1368 825 1411; x_wconf 85' lang='lat' dir='ltr'>sufficere</span> <span class='ocrx_word' id='word_1_112' title='bbox 855 1368 1101 1419; x_wconf 89' lang='lat' dir='ltr'>iudicasset,</span> <span class='ocrx_word' id='word_1_113' title='bbox 1148 1380 1230 1410; x_wconf 90' lang='lat' dir='ltr'>non</span> <span class='ocrx_word' id='word_1_114' title='bbox 1272 1369 1437 1424; x_wconf 89' lang='lat' dir='ltr'>poterat</span> <span class='ocrx_word' id='word_1_115' title='bbox 1480 1370 1540 1412; x_wconf 85' lang='lat' dir='ltr'>ita</span> 
     </span>
     <span class='ocr_line' id='line_1_15' title="bbox 160 1450 1541 1505; baseline 0 -13"><span class='ocrx_word' id='word_1_116' title='bbox 160 1450 458 1505; x_wconf 85' lang='lat' dir='ltr'>reprehendere</span> <span class='ocrx_word' id='word_1_117' title='bbox 484 1450 802 1502; x_wconf 85' lang='lat' dir='ltr'>Callimachum,</span> <span class='ocrx_word' id='word_1_118' title='bbox 835 1463 959 1504; x_wconf 90' lang='lat' dir='ltr'>quem</span> <span class='ocrx_word' id='word_1_119' title='bbox 988 1462 1069 1492; x_wconf 88' lang='lat' dir='ltr'>una</span> <span class='ocrx_word' id='word_1_120' title='bbox 1099 1450 1395 1492; x_wconf 87' lang='lat' dir='ltr'>retractatione</span> <span class='ocrx_word' id='word_1_121' title='bbox 1418 1463 1541 1492; x_wconf 89' lang='lat' dir='ltr'>usum</span> 
     </span>
     <span class='ocr_line' id='line_1_16' title="bbox 160 1531 1541 1587; baseline -0.001 -14"><span class='ocrx_word' id='word_1_122' title='bbox 160 1531 290 1573; x_wconf 89' lang='lat' dir='ltr'>fuisse</span> <span class='ocrx_word' id='word_1_123' title='bbox 321 1534 584 1586; x_wconf 87' lang='lat' dir='ltr'>cognouerat.</span> <span class='ocrx_word' id='word_1_124' title='bbox 635 1532 684 1574; x_wconf 89' lang='lat' dir='ltr'>ut</span> <span class='ocrx_word' id='word_1_125' title='bbox 710 1532 841 1587; x_wconf 86' lang='lat' dir='ltr'>igitur</span> <span class='ocrx_word' id='word_1_126' title='bbox 868 1532 912 1574; x_wconf 91' lang='lat' dir='ltr'>in</span> <span class='ocrx_word' id='word_1_127' title='bbox 946 1531 1238 1574; x_wconf 83' lang='lat' dir='ltr'>Eratosthenis</span> <span class='ocrx_word' id='word_1_128' title='bbox 1265 1531 1405 1573; x_wconf 88' lang='lat' dir='ltr'>uerbis</span> <span class='ocrx_word' id='word_1_129' title='bbox 1432 1531 1541 1573; x_wconf 90' lang='lat' dir='ltr'>nihil</span> 
     </span>
     <span class='ocr_line' id='line_1_17' title="bbox 159 1611 1541 1667; baseline -0.001 -13"><span class='ocrx_word' id='word_1_130' title='bbox 159 1613 288 1663; x_wconf 87' lang='lat' dir='ltr'>inest,</span> <span class='ocrx_word' id='word_1_131' title='bbox 321 1625 401 1666; x_wconf 92' lang='lat' dir='ltr'>quo</span> <span class='ocrx_word' id='word_1_132' title='bbox 433 1625 529 1654; x_wconf 91' lang='lat' dir='ltr'>eum</span> <span class='ocrx_word' id='word_1_133' title='bbox 556 1613 693 1667; x_wconf 90' lang='lat' dir='ltr'>ipsam</span> <span class='ocrx_word' id='word_1_134' title='bbox 723 1611 908 1654; x_wconf 89' lang='lat' dir='ltr'>fabulam</span> <span class='ocrx_word' id='word_1_135' title='bbox 934 1613 1118 1667; x_wconf 89' lang='lat' dir='ltr'>priorem</span> <span class='ocrx_word' id='word_1_136' title='bbox 1146 1612 1377 1666; x_wconf 86' lang='lat' dir='ltr'>inspexisse</span> <span class='ocrx_word' id='word_1_137' title='bbox 1406 1613 1541 1665; x_wconf 91' lang='lat' dir='ltr'>putes,</span> 
     </span>
     <span class='ocr_line' id='line_1_18' title="bbox 158 1692 1541 1748; baseline -0.001 -13"><span class='ocrx_word' id='word_1_138' title='bbox 158 1693 221 1735; x_wconf 90' lang='lat' dir='ltr'>ita</span> <span class='ocrx_word' id='word_1_139' title='bbox 261 1706 309 1736; x_wconf 84' lang='lat' dir='ltr'>ex</span> <span class='ocrx_word' id='word_1_140' title='bbox 349 1692 546 1747; x_wconf 90' lang='lat' dir='ltr'>loquendi</span> <span class='ocrx_word' id='word_1_141' title='bbox 587 1692 675 1735; x_wconf 89' lang='lat' dir='ltr'>eius</span> <span class='ocrx_word' id='word_1_142' title='bbox 714 1693 876 1736; x_wconf 87' lang='lat' dir='ltr'>ratione</span> <span class='ocrx_word' id='word_1_143' title='bbox 917 1693 1014 1735; x_wconf 92' lang='grc'><strong>61161</strong></span> <span class='ocrx_word' id='word_1_144' title='bbox 1049 1705 1172 1748; x_wconf 85' lang='lat' dir='ltr'>posse</span> <span class='ocrx_word' id='word_1_145' title='bbox 1205 1692 1389 1744; x_wconf 85' lang='lat' dir='ltr'>uidetur,</span> <span class='ocrx_word' id='word_1_146' title='bbox 1431 1693 1541 1747; x_wconf 89' lang='lat' dir='ltr'>quod</span> 
     </span>
     <span class='ocr_line' id='line_1_19' title="bbox 160 1774 1541 1829; baseline 0 -13"><span class='ocrx_word' id='word_1_147' title='bbox 160 1775 230 1816; x_wconf 90' lang='lat' dir='ltr'>uel</span> <span class='ocrx_word' id='word_1_148' title='bbox 252 1774 492 1829; x_wconf 86' lang='lat' dir='ltr'>comprobet</span> <span class='ocrx_word' id='word_1_149' title='bbox 510 1774 755 1828; x_wconf 87' lang='lat' dir='ltr'>procedosin</span> <span class='ocrx_word' id='word_1_150' title='bbox 776 1774 963 1816; x_wconf 87' lang='lat' dir='ltr'>Nubium</span> <span class='ocrx_word' id='word_1_151' title='bbox 989 1774 1078 1815; x_wconf 89' lang='lat' dir='ltr'>eius</span> <span class='ocrx_word' id='word_1_152' title='bbox 1108 1774 1241 1816; x_wconf 88' lang='lat' dir='ltr'>oculis</span> <span class='ocrx_word' id='word_1_153' title='bbox 1270 1786 1353 1816; x_wconf 93' lang='lat' dir='ltr'>non</span> <span class='ocrx_word' id='word_1_154' title='bbox 1380 1774 1541 1816; x_wconf 88' lang='lat' dir='ltr'>subiec-</span> 
     </span>
     <span class='ocr_line' id='line_1_20' title="bbox 158 1854 1541 1910; baseline 0 -12"><span class='ocrx_word' id='word_1_155' title='bbox 158 1856 248 1898; x_wconf 91' lang='lat' dir='ltr'>tam</span> <span class='ocrx_word' id='word_1_156' title='bbox 291 1854 432 1897; x_wconf 85' lang='lat' dir='ltr'>fuisse.</span> <span class='ocrx_word' id='word_1_157' title='bbox 493 1867 745 1909; x_wconf 90' lang='lat' dir='ltr'>quamquam</span> <span class='ocrx_word' id='word_1_158' title='bbox 766 1855 879 1897; x_wconf 92' lang='lat' dir='ltr'>enim</span> <span class='ocrx_word' id='word_1_159' title='bbox 899 1854 1199 1909; x_wconf 83' lang='lat' dir='ltr'>grammaticus</span> <span class='ocrx_word' id='word_1_160' title='bbox 1229 1855 1303 1897; x_wconf 90' lang='lat' dir='ltr'>ille</span> <span class='ocrx_word' id='word_1_161' title='bbox 1334 1855 1384 1898; x_wconf 88' lang='lat' dir='ltr'>de</span> <span class='ocrx_word' id='word_1_162' title='bbox 1402 1857 1541 1910; x_wconf 89' lang='lat' dir='ltr'>priore</span> 
     </span>
     <span class='ocr_line' id='line_1_21' title="bbox 158 1935 1540 1987; baseline 0.002 -9"><span class='ocrx_word' id='word_1_163' title='bbox 158 1936 299 1980; x_wconf 87' lang='lat' dir='ltr'>fabula</span> <span class='ocrx_word' id='word_1_164' title='bbox 333 1938 382 1978; x_wconf 89' lang='lat' dir='ltr'>ut</span> <span class='ocrx_word' id='word_1_165' title='bbox 418 1935 607 1978; x_wconf 89' lang='lat' dir='ltr'>oculatus</span> <span class='ocrx_word' id='word_1_166' title='bbox 642 1936 766 1978; x_wconf 89' lang='lat' dir='ltr'>testis</span> <span class='ocrx_word' id='word_1_167' title='bbox 801 1936 863 1978; x_wconf 88' lang='lat' dir='ltr'>sic</span> <span class='ocrx_word' id='word_1_168' title='bbox 890 1935 1037 1978; x_wconf 87' lang='lat' dir='ltr'>refert:</span> <span class='ocrx_word' id='word_1_169' title='bbox 1093 1936 1309 1987; x_wconf 54' lang='grc' dir='ltr'><em>λαυῇάυει</em></span> <span class='ocrx_word' id='word_1_170' title='bbox 1341 1937 1374 1982; x_wconf 85' lang='grc' dir='ltr'>δ’</span> <span class='ocrx_word' id='word_1_171' title='bbox 1404 1936 1540 1982; x_wconf 73' lang='grc' dir='ltr'>αὐτὸν</span> 
     </span>
     <span class='ocr_line' id='line_1_22' title="bbox 159 2015 1542 2075; baseline -0.001 -12"><span class='ocrx_word' id='word_1_172' title='bbox 159 2016 241 2063; x_wconf 69' lang='grc' dir='ltr'>ὅτι</span> <span class='ocrx_word' id='word_1_173' title='bbox 282 2020 328 2063; x_wconf 76' lang='grc' dir='ltr'>ἐν</span> <span class='ocrx_word' id='word_1_174' title='bbox 366 2017 448 2075; x_wconf 64' lang='grc' dir='ltr'>μὲν</span> <span class='ocrx_word' id='word_1_175' title='bbox 484 2022 578 2069; x_wconf 70' lang='grc' dir='ltr'>ταῖς</span> <span class='ocrx_word' id='word_1_176' title='bbox 619 2017 929 2073; x_wconf 55' lang='lat' dir='ltr'>&amp;Saxa-eloam</span> <span class='ocrx_word' id='word_1_177' title='bbox 968 2017 1097 2062; x_wconf 69' lang='grc' dir='ltr'>οὐδὲν</span> <span class='ocrx_word' id='word_1_178' title='bbox 1132 2020 1328 2063; x_wconf 69' lang='grc' dir='ltr'>τοιοῦτον</span> <span class='ocrx_word' id='word_1_179' title='bbox 1361 2015 1542 2075; x_wconf 70' lang='grc' dir='ltr'><em>εἴρηκεν,</em></span> 
     </span>
     <span class='ocr_line' id='line_1_23' title="bbox 157 2098 1543 2155; baseline -0.001 -12"><span class='ocrx_word' id='word_1_180' title='bbox 157 2100 362 2143; x_wconf 86' lang='lat' dir='ltr'>miramur</span> <span class='ocrx_word' id='word_1_181' title='bbox 399 2099 542 2142; x_wconf 89' lang='lat' dir='ltr'>tamen</span> <span class='ocrx_word' id='word_1_182' title='bbox 556 2133 566 2152; x_wconf 93' lang='lat'>,</span> <span class='ocrx_word' id='word_1_183' title='bbox 608 2098 718 2155; x_wconf 81' lang='lat' dir='ltr'>quod</span> <span class='ocrx_word' id='word_1_184' title='bbox 756 2110 841 2142; x_wconf 91' lang='lat' dir='ltr'>non</span> <span class='ocrx_word' id='word_1_185' title='bbox 870 2098 1015 2142; x_wconf 90' lang='lat' dir='ltr'>eadem</span> <span class='ocrx_word' id='word_1_186' title='bbox 1051 2098 1184 2142; x_wconf 89' lang='lat' dir='ltr'>animi</span> <span class='ocrx_word' id='word_1_187' title='bbox 1214 2098 1464 2142; x_wconf 90' lang='lat' dir='ltr'>confidentia</span> <span class='ocrx_word' id='word_1_188' title='bbox 1493 2099 1543 2142; x_wconf 91' lang='lat' dir='ltr'>de</span> 
     </span>
     <span class='ocr_line' id='line_1_24' title="bbox 158 2180 1543 2237; baseline 0 -14"><span class='ocrx_word' id='word_1_189' title='bbox 158 2181 391 2223; x_wconf 85' lang='lat' dir='ltr'>metecdosi</span> <span class='ocrx_word' id='word_1_190' title='bbox 409 2180 517 2235; x_wconf 40' lang='lat' dir='ltr'>*agit</span> <span class='ocrx_word' id='word_1_191' title='bbox 535 2181 590 2237; x_wconf 69' lang='grc' dir='ltr'>ὃ3)</span> <span class='ocrx_word' id='word_1_192' title='bbox 604 2214 614 2232; x_wconf 95' lang='lat'>,</span> <span class='ocrx_word' id='word_1_193' title='bbox 657 2181 906 2235; x_wconf 89' lang='lat' dir='ltr'>praesertim</span> <span class='ocrx_word' id='word_1_194' title='bbox 939 2193 1035 2222; x_wconf 91' lang='lat' dir='ltr'>cum</span> <span class='ocrx_word' id='word_1_195' title='bbox 1063 2181 1155 2221; x_wconf 90' lang='lat' dir='ltr'>ueri</span> <span class='ocrx_word' id='word_1_196' title='bbox 1185 2181 1244 2222; x_wconf 89' lang='lat' dir='ltr'>sit</span> <span class='ocrx_word' id='word_1_197' title='bbox 1273 2180 1543 2223; x_wconf 89' lang='lat' dir='ltr'>simillimum</span> 
     </span>
     <span class='ocr_line' id='line_1_25' title="bbox 159 2260 1541 2318; baseline 0.001 -14"><span class='ocrx_word' id='word_1_198' title='bbox 159 2273 256 2304; x_wconf 87' lang='lat' dir='ltr'>eum</span> <span class='ocrx_word' id='word_1_199' title='bbox 284 2261 391 2304; x_wconf 87' lang='lat' dir='ltr'>hanc</span> <span class='ocrx_word' id='word_1_200' title='bbox 418 2260 606 2304; x_wconf 88' lang='lat' dir='ltr'>fabulam</span> <span class='ocrx_word' id='word_1_201' title='bbox 632 2261 803 2318; x_wconf 86' lang='lat' dir='ltr'>legisse.</span> <span class='ocrx_word' id='word_1_202' title='bbox 873 2261 946 2304; x_wconf 88' lang='lat' dir='ltr'>sed</span> <span class='ocrx_word' id='word_1_203' title='bbox 975 2261 1277 2304; x_wconf 84' lang='lat' dir='ltr'>Eratosthenes</span> <span class='ocrx_word' id='word_1_204' title='bbox 1307 2275 1390 2304; x_wconf 91' lang='lat' dir='ltr'>non</span> <span class='ocrx_word' id='word_1_205' title='bbox 1419 2275 1541 2316; x_wconf 88' lang='lat' dir='ltr'>quae-</span> 
     </span>
     <span class='ocr_line' id='line_1_26' title="bbox 157 2341 1541 2394; baseline 0.001 -11"><span class='ocrx_word' id='word_1_206' title='bbox 157 2342 277 2383; x_wconf 87' lang='lat' dir='ltr'>rebat</span> <span class='ocrx_word' id='word_1_207' title='bbox 298 2342 423 2394; x_wconf 87' lang='lat' dir='ltr'>certe,</span> <span class='ocrx_word' id='word_1_208' title='bbox 454 2355 557 2384; x_wconf 89' lang='lat' dir='ltr'>num</span> <span class='ocrx_word' id='word_1_209' title='bbox 586 2342 662 2384; x_wconf 92' lang='lat' dir='ltr'>illa</span> <span class='ocrx_word' id='word_1_210' title='bbox 682 2342 928 2384; x_wconf 88' lang='lat' dir='ltr'>Maricantis</span> <span class='ocrx_word' id='word_1_211' title='bbox 959 2343 1059 2385; x_wconf 87' lang='lat' dir='ltr'>nota</span> <span class='ocrx_word' id='word_1_212' title='bbox 1089 2341 1141 2383; x_wconf 91' lang='lat' dir='ltr'>ad</span> <span class='ocrx_word' id='word_1_213' title='bbox 1172 2342 1395 2384; x_wconf 90' lang='lat' dir='ltr'>secundam</span> <span class='ocrx_word' id='word_1_214' title='bbox 1423 2342 1541 2384; x_wconf 88' lang='lat' dir='ltr'>fabu-</span> 
     </span>
     <span class='ocr_line' id='line_1_27' title="bbox 157 2421 1541 2478; baseline 0.001 -14"><span class='ocrx_word' id='word_1_215' title='bbox 157 2421 245 2464; x_wconf 90' lang='lat' dir='ltr'>lam</span> <span class='ocrx_word' id='word_1_216' title='bbox 276 2423 524 2478; x_wconf 86' lang='lat' dir='ltr'>pertineret,</span> <span class='ocrx_word' id='word_1_217' title='bbox 566 2423 639 2467; x_wconf 87' lang='lat' dir='ltr'>sed</span> <span class='ocrx_word' id='word_1_218' title='bbox 677 2424 822 2467; x_wconf 91' lang='lat' dir='ltr'>utrum</span> <span class='ocrx_word' id='word_1_219' title='bbox 852 2423 904 2467; x_wconf 86' lang='lat' dir='ltr'>ad</span> <span class='ocrx_word' id='word_1_220' title='bbox 942 2424 1049 2467; x_wconf 89' lang='lat' dir='ltr'>hanc</span> <span class='ocrx_word' id='word_1_221' title='bbox 1085 2423 1269 2466; x_wconf 88' lang='lat' dir='ltr'>fabulam</span> <span class='ocrx_word' id='word_1_222' title='bbox 1308 2435 1452 2465; x_wconf 89' lang='lat' dir='ltr'>unam</span> <span class='ocrx_word' id='word_1_223' title='bbox 1489 2436 1541 2466; x_wconf 93' lang='lat' dir='ltr'>an</span> 
     </span>
     <span class='ocr_line' id='line_1_28' title="bbox 158 2504 1542 2561; baseline 0.001 -15"><span class='ocrx_word' id='word_1_224' title='bbox 158 2504 288 2546; x_wconf 86' lang='lat' dir='ltr'>etiam</span> <span class='ocrx_word' id='word_1_225' title='bbox 327 2505 379 2547; x_wconf 90' lang='lat' dir='ltr'>ad</span> <span class='ocrx_word' id='word_1_226' title='bbox 418 2505 664 2561; x_wconf 87' lang='lat' dir='ltr'>proecdosin</span> <span class='ocrx_word' id='word_1_227' title='bbox 701 2505 914 2548; x_wconf 85' lang='lat' dir='ltr'>referenda</span> <span class='ocrx_word' id='word_1_228' title='bbox 954 2505 1075 2547; x_wconf 85' lang='lat' dir='ltr'>esset.</span> <span class='ocrx_word' id='word_1_229' title='bbox 1136 2516 1269 2559; x_wconf 86' lang='lat' dir='ltr'>neque</span> <span class='ocrx_word' id='word_1_230' title='bbox 1296 2504 1439 2546; x_wconf 88' lang='lat' dir='ltr'>tamen</span> <span class='ocrx_word' id='word_1_231' title='bbox 1468 2517 1542 2559; x_wconf 89' lang='lat' dir='ltr'>pro</span> 
     </span>
    </p>
   </div>
   <div class='ocr_carea' id='block_1_5' title="bbox 161 2698 1542 2817">
    <p class='ocr_par' dir='ltr' id='par_1_5' title="bbox 161 2698 1542 2817">
     <span class='ocr_line' id='line_1_29' title="bbox 264 2698 1542 2751; baseline -0.001 -11"><span class='ocrx_word' id='word_1_232' title='bbox 264 2703 330 2751; x_wconf 87' lang='lat'>53)</span> <span class='ocrx_word' id='word_1_233' title='bbox 361 2702 492 2742; x_wconf 84' lang='lat' dir='ltr'>Schol.</span> <span class='ocrx_word' id='word_1_234' title='bbox 532 2704 624 2742; x_wconf 80' lang='lat' dir='ltr'>Nub.</span> <span class='ocrx_word' id='word_1_235' title='bbox 666 2704 764 2741; x_wconf 81' lang='lat'><strong>552:</strong></span> <span class='ocrx_word' id='word_1_236' title='bbox 820 2700 877 2740; x_wconf 87' lang='grc' dir='ltr'><strong><em>ε’ν·</em></strong></span> <span class='ocrx_word' id='word_1_237' title='bbox 911 2698 954 2740; x_wconf 79' lang='grc' dir='ltr'>δὲ</span> <span class='ocrx_word' id='word_1_238' title='bbox 990 2703 1077 2748; x_wconf 83' lang='grc' dir='ltr'><strong><em>ταῖς</em></strong></span> <span class='ocrx_word' id='word_1_239' title='bbox 1115 2699 1294 2751; x_wconf 77' lang='grc' dir='ltr'><strong><em>ὕστερον</em></strong></span> <span class='ocrx_word' id='word_1_240' title='bbox 1332 2700 1542 2739; x_wconf 70' lang='grc' dir='ltr'><em>διασκευα-</em></span> 
     </span>
     <span class='ocr_line' id='line_1_30' title="bbox 161 2759 976 2817; baseline -0.002 -14"><span class='ocrx_word' id='word_1_241' title='bbox 161 2763 349 2812; x_wconf 80' lang='grc' dir='ltr'><em>σθείσαις</em></span> <span class='ocrx_word' id='word_1_242' title='bbox 378 2763 414 2803; x_wconf 79' lang='grc' dir='ltr'>εἰ</span> <span class='ocrx_word' id='word_1_243' title='bbox 430 2762 602 2817; x_wconf 70' lang='grc' dir='ltr'><em>λέγεται,</em></span> <span class='ocrx_word' id='word_1_244' title='bbox 635 2759 757 2803; x_wconf 80' lang='grc' dir='ltr'>ου’δὲν</span> <span class='ocrx_word' id='word_1_245' title='bbox 787 2762 976 2802; x_wconf 39' lang='grc' dir='ltr'><em>ἄτοπον»</em></span> 
     </span>
    </p>
   </div>
   <div class='ocr_carea' id='block_1_6' title="bbox 1316 2856 1335 2883">
    <p class='ocr_par' dir='ltr' id='par_1_6' title="bbox 1316 2856 1335 2883">
     <span class='ocr_line' id='line_1_31' title="bbox 1316 2856 1335 2883; baseline 0 0"><span class='ocrx_word' id='word_1_246' title='bbox 1316 2856 1335 2883; x_wconf 80' lang='grc'>2</span> 
     </span>
    </p>
   </div>
  </div>
 </body>
</html>
