1812 3185
786 230 1071 284 -38‘-

231 365 323 422 ling
360 367 549 410 omnium
598 368 776 412 minime
813 381 962 411 uerum
1000 367 1248 423 cognouisse
1285 366 1465 409 uidetur.
1526 378 1625 409 nam

232 446 419 502 primum
456 448 598 492 minus
637 450 903 502 Obseruauit,
948 448 1050 505 quid
1099 448 1207 492 illud
1248 443 1447 504 ἥμειπωι
1491 447 1625 504 hypo-

233 528 404 572 theseos
427 532 571 574 sextae
590 531 752 575 ualeret
771 532 846 575 aut
868 531 970 586 quid
988 531 1099 574 inter
1118 530 1361 585 διασκευήν
1378 530 1421 572 et
1441 528 1627 587 διόρθω-

236 628 310 654 σιν
340 611 577 655 interesset.
639 613 799 656 etenim
828 613 867 656 si
895 613 1021 670 poeta
1049 625 1095 655 re
1123 624 1224 655 uera
1259 623 1343 654 non
1370 610 1463 654 tam
1489 609 1627 653 totam

236 691 344 733 hanc
374 704 570 736 scaenam
604 693 862 736 elaborasset
890 705 1046 736 nouam
1075 705 1202 748 quam
1222 692 1411 748 singulas
1429 702 1627 747 personas

236 772 512 825 mutauisset‚
555 786 638 817 non
675 774 784 817 illud
826 770 1024 831 {fiammae
1063 774 1147 818 huc
1185 772 1332 817 referri
1360 772 1526 829 poterat
1555 770 1629 816 sed

236 854 378 908 potius
409 854 667 913 διόρθωσις,
714 868 841 910 quam
879 855 1161 911 hypotheseos
1201 854 1347 898 auctor
1382 853 1451 896 his
1487 852 1628 896 uerbis

237 936 466 991 Significat:
498 938 553 982 τὰ
584 935 630 982 δὲ
647 964 698 968 --
719 938 767 981 ἐν
796 937 847 996 τῇ
874 938 959 982 τῶν
986 936 1229 994 προσώπων
1259 935 1481 993 διαλλαγῇ
1507 953 1628 992 μετε-

238 1019 539 1075 σχημάτισται
559 1019 627 1074 ⁹¹).
687 1017 836 1060 deinde
872 1029 971 1060 uero
1003 1017 1069 1059 uir
1111 1016 1257 1059 doctus
1284 1015 1329 1057 in
1358 1014 1627 1059 describendo

238 1096 355 1139 exitu
406 1097 560 1153 prioris
598 1099 763 1142 fabulae
800 1098 995 1142 adhibuit
1034 1098 1314 1150 coniecturas,
1364 1109 1469 1152 quae
1511 1095 1627 1139 nullo

236 1177 431 1221 ueterum
472 1178 719 1222 testimonio
774 1179 1003 1222 fulciantur
1021 1179 1090 1235 ⁹²).
1166 1178 1282 1222 idem
1325 1179 1470 1221 tamen
1518 1178 1629 1220 hunc

237 1258 378 1302 locum
412 1259 464 1308 ab
485 1260 772 1316 Aristophane
801 1260 924 1316 plane
953 1259 1187 1316 perfectum
1210 1272 1300 1302 esse
1331 1260 1374 1302 et
1394 1271 1490 1302 cum
1509 1260 1628 1301 ante-

239 1338 483 1382 cedentibus
513 1341 730 1383 artissimo
762 1341 1066 1383 sententiarum
1096 1352 1204 1382 nexu
1232 1340 1453 1381 cohaerere
1486 1339 1629 1381 contra

238 1416 491 1461 Teuffelium
521 1419 564 1461 et
584 1418 852 1476 Koechlyum
874 1419 977 1463 bene
1003 1419 1226 1462 constituit
1243 1418 1311 1476 ⁹³).
1351 1418 1425 1474 qui
1449 1417 1534 1461 uiri
1550 1417 1628 1474 hy-

238 1498 462 1552 potheseos
478 1501 694 1542 auctorem
710 1513 786 1543 sua
804 1500 887 1543 sibi
907 1500 1069 1543 ratione
1085 1500 1255 1555 assequi
1273 1512 1396 1555 posse
1416 1499 1502 1542 uisi
1517 1500 1627 1549 sunt,

240 1580 339 1633 quia
365 1581 503 1623 exitus
534 1582 774 1624 comoediae
805 1583 972 1625 nostrae
1004 1583 1047 1624 et
1073 1582 1227 1637 prioris
1256 1581 1421 1624 fabulae
1450 1580 1630 1624 frustula

239 1660 282 1700 et
317 1659 563 1703 lacunarum
600 1661 726 1715 atque
766 1661 1024 1704 condicionis
1066 1673 1151 1704 non
1193 1660 1401 1717 perfectae
1441 1663 1630 1717 apertam

239 1741 423 1794 speciem
460 1742 690 1795 praeberet.
752 1742 824 1783 sed
861 1742 1014 1784 melius
1051 1742 1272 1792 fecissent,
1315 1742 1353 1783 si
1386 1742 1432 1783 in
1467 1743 1629 1784 ratione

238 1819 465 1864 Fritzschii
482 1821 562 1878 ⁹³³)
593 1821 903 1877 acquieuissent
916 1854 926 1873 ‚
959 1821 1032 1876 qui
1063 1833 1256 1865 scaenam
1290 1822 1481 1866 nostram
1506 1821 1629 1879 plane

237 1901 511 1944 retractatam
542 1915 632 1944 esse
663 1902 783 1944 dixit.
831 1902 1091 1944 adsentimus
1122 1903 1255 1958 igitur
1284 1902 1541 1947 Buechelero
1559 1904 1628 1962 ⁹⁴),

239 1983 312 2037 qui
350 1984 393 2026 et
429 1983 602 2027 illorum
643 1984 860 2039 opiniones
900 1984 1013 2026 iusta
1053 1984 1137 2027 loci
1187 1984 1534 2040 interpretatione
1563 1998 1629 2029 re-

238 2062 395 2105 futauit
436 2065 478 2105 et
514 2064 648 2119 ipsius
686 2064 914 2106 Fritzschii
950 2065 1075 2118 atque
1112 2064 1253 2107 Beerii
1271 2065 1326 2123 ⁹⁶)
1368 2064 1419 2108 de
1451 2065 1629 2109 Chaere-

238 2143 410 2197 phontis
449 2144 493 2185 in
524 2145 602 2187 hac
643 2158 791 2187 scaena
821 2145 1011 2199 partibus
1047 2146 1302 2189 sententiam
1332 2148 1444 2189 recte
1476 2148 1627 2203 exegit.

342 2342 409 2389 91)
439 2343 607 2381 Teuffel:
636 2340 735 2381 Mus.
766 2343 885 2383 Rhen.
912 2344 939 2382 X
970 2353 1007 2393 p.
1025 2343 1116 2383 228.

341 2405 408 2452 92)
438 2406 637 2453 Goettnng
666 2406 690 2444 Ι.
715 2405 741 2443 1.
770 2415 805 2454 p.
829 2407 877 2445 15
904 2408 945 2447 et
971 2416 1008 2457 p.
1027 2407 1093 2446 30.

341 2469 409 2516 93)
438 2470 609 2508 Teuffel:
638 2468 736 2507 Mus.
766 2469 888 2507 Rhen.
920 2470 948 2508 X
978 2480 1015 2519 p.
1033 2470 1132 2518 2333
1171 2470 1345 2518 Koechly
1375 2470 1399 2509 1.
1430 2472 1453 2510 Ι.
1482 2473 1628 2522 p.429.

342 2531 427 2578 932)
454 2532 477 2570 Ι.
514 2532 538 2569 1.
568 2532 584 2570 I
613 2541 648 2581 p.
674 2531 732 2570 16.

338 2594 405 2638 94)
435 2595 458 2632 1.
505 2623 513 2631 .
541 2603 578 2643 p.
603 2595 694 2633 677.

337 2657 404 2705 95)
429 2657 672 2696 Fritzscmus
706 2658 720 2696 1
739 2668 775 2707 p.
801 2659 870 2706 193
893 2659 1013 2698 Beer:
1043 2659 1168 2699 Ueber
1186 2659 1250 2699 dle
1269 2658 1360 2698 Zahl
1382 2660 1452 2700 der
1474 2660 1623 2700 Schen-

232 2721 384 2767 spleler
413 2722 474 2760 bei
506 2720 794 2769 Aristophanes
825 2731 862 2770 p.
889 2724 976 2761 117.
