1812 3185
697 213 986 257 „15-.

203 311 205 313 ’
267 341 472 383 Attamen
510 340 830 393 Eratosthenes,
872 341 946 396 qui
984 341 1052 384 uir
1088 341 1343 397 peculiarem
1378 343 1534 387 librum

150 422 200 463 de
238 421 453 465 comoedia
489 422 756 480 conscripsit,
799 422 904 467 satis
944 422 1098 466 diserte
1136 434 1304 465 carmen
1342 424 1534 467 nostrum

148 503 367 558 proecdosi
394 504 547 548 tribuit
563 505 633 562 ⁶⁴²).
693 518 793 549 nam
822 505 932 561 apud
960 505 1089 549 schol.
1110 504 1221 547 Nub.
1244 504 1329 546 552
1354 504 1534 547 miratur

66 612 71 618 ι
148 583 342 627 dubitare
372 585 681 629 Callimachum
712 586 762 629 de
794 585 1141 630 didascalicorum
1164 584 1265 637 fide,
1305 597 1409 641 quae
1439 585 1533 628 Ma-

148 666 354 708 ricantem
392 667 437 709 in
479 667 671 710 Nubibus
710 669 902 711 notatam
939 667 1067 711 tertio
1104 667 1201 722 post
1239 666 1384 710 Nubes
1423 679 1531 710 anno

148 746 317 789 doctam
345 759 436 790 esse
464 747 634 792 ferrent.
695 748 796 805 quid
827 748 940 791 enim
968 748 1079 791 inter
1109 747 1277 790 doctam
1306 749 1349 790 et
1375 747 1533 791 retrac-

146 828 283 870 tatam
313 827 503 871 Nubium
533 828 720 871 fabulam
747 830 981 880 interesset,
1019 829 1107 871 iam
1144 841 1194 871 ex
1218 828 1385 871 Cleonis
1412 841 1532 871 men-

146 909 262 951 tione
279 909 412 966 (581),
435 909 509 964 qui
528 910 573 952 in
588 910 821 953 Maricante
841 911 891 953 ut
910 910 1103 952 mortuus
1120 910 1530 960 commemoraretur,

147 989 341 1033 debuisse
365 1003 462 1033 eum
478 1003 737 1046 cognoscere.
770 991 843 1034 sed
866 990 1053 1047 primum
1077 990 1246 1045 quidem
1260 1002 1343 1033 non
1362 1001 1531 1033 necesse

147 1072 212 1114 est
243 1072 455 1115 statuatur
490 1071 542 1114 ad
573 1071 903 1128 cognoscendam
931 1072 1052 1114 illam
1083 1071 1363 1114 differentiam
1389 1083 1531 1127 gram-

144 1154 353 1196 maticum
390 1154 489 1196 aliis
529 1154 657 1208 atque
692 1167 769 1197 nos
808 1154 1062 1196 adiumentis
1103 1165 1228 1196 usum
1267 1165 1371 1195 esse.
1431 1165 1531 1195 nam

145 1233 258 1288 quod
278 1234 557 1277 Maricantem
586 1234 631 1276 in
658 1234 886 1277 retractata
916 1234 1056 1277 fabula
1084 1247 1168 1277 non
1196 1234 1241 1277 in
1270 1233 1393 1277 docta
1414 1245 1530 1276 com-

144 1316 371 1358 memorari
392 1316 564 1367 statuit,
595 1315 639 1358 id
659 1317 892 1359 necessario
915 1316 1141 1371 apparebat
1162 1329 1209 1358 ex
1232 1328 1280 1358 ea
1302 1314 1528 1365 comoedia,

143 1409 270 1451 quam
296 1409 372 1439 nos
400 1396 525 1439 hodie
540 1393 733 1440 manibus
757 1398 962 1449 tenemus,
990 1397 1156 1440 collatis
1176 1397 1286 1440 inter
1306 1409 1397 1440 sese
1416 1395 1529 1438 notis

143 1469 410 1521 didascalicis
447 1478 501 1521 ad
535 1478 696 1534 priores
725 1469 871 1521 Nubes
911 1479 953 1520 et
992 1477 1045 1520 ad
1077 1478 1365 1521 Maricantem.
1426 1489 1528 1531 quas

143 1559 314 1601 etiamsi
365 1559 534 1602 aliunde
576 1572 659 1602 non
699 1560 894 1603 habuerit
939 1560 1150 1615 cognitas,
1204 1559 1291 1601 iam
1339 1571 1387 1601 ex
1422 1557 1527 1613 ipsis

143 1639 396 1681 Callimachi
439 1640 580 1682 uerbis
625 1640 765 1695 potuit
807 1640 1041 1695 perspicere
1083 1640 1237 1697 (schol.
1282 1639 1393 1682 Nub.
1441 1640 1527 1681 552

140 1717 202 1765 ὅτι
227 1721 439 1778 φέρουσιν
464 1741 506 1765 κ.
525 1740 558 1766 τ.
575 1722 645 1777 L).
696 1728 821 1776 atque
842 1722 944 1764 duas
966 1721 1135 1764 omnino
1155 1720 1317 1764 fabulas
1337 1719 1527 1762 Nubium

140 1801 284 1853 fuisse,
316 1813 493 1856 quarum
521 1802 636 1858 prior
665 1803 832 1845 tantum
859 1802 981 1846 docta
1010 1803 1133 1855 esset,
1165 1815 1214 1845 ex
1245 1802 1405 1846 eisdem
1432 1800 1526 1845 fon-

139 1884 254 1926 tibus
294 1884 461 1927 haurire
500 1885 667 1927 licebat.
737 1898 870 1940 neque
911 1886 1024 1928 enim
1060 1886 1143 1927 alio
1183 1885 1309 1927 modo
1348 1883 1528 1933 dissolui

137 1977 260 2019 posse
285 1964 536 2008 uidebantur
563 1977 635 2008 eae
666 1965 982 2022 discrepantiae,
1014 1978 1118 2021 quae
1138 1965 1248 2008 inter
1267 1963 1524 2009 metecdosin
1598 2018 1601 2021 ·

140 2046 183 2087 et
223 2047 344 2087 notas
387 2046 662 2088 didascalicas
717 2046 1043 2089 intercedebant.
1103 2046 1265 2088 accedit
1309 2046 1418 2100 quod
1463 2046 1524 2088 fa-

139 2127 234 2169 cilis
276 2127 379 2170 haec
416 2127 506 2179 uia,
562 2141 643 2182 qua
693 2128 965 2172 difficultates
1013 2127 1206 2184 pelleret,
1253 2126 1525 2171 Eratostheni

137 2219 335 2263 apparere
368 2207 556 2251 debebat.
616 2221 750 2263 neque
782 2209 895 2252 enim
925 2209 1287 2261 consuetudinem,
1319 2222 1399 2265 qua
1429 2222 1524 2252 cum

136 2289 212 2330 alii
260 2289 410 2344 poetae
459 2290 552 2332 tum
599 2289 755 2333 Noster
802 2290 964 2333 fabulas
1014 2291 1308 2342 retractarent,
1359 2291 1525 2344 poterat

241 2572 309 2619 52)
340 2573 475 2611 Totam
522 2572 623 2611 hanc
663 2582 743 2612 rem
780 2563 939 2612 silentio
962 2576 1279 2623 praetermisere
1315 2576 1381 2615 Th.
1410 2569 1521 2616 Kock

136 2637 159 2673 Ι.
191 2637 215 2673 1.
244 2645 281 2684 p.
311 2635 362 2673 26
394 2644 478 2681 sqq.
512 2637 551 2673 et
591 2636 735 2674 Teuffel
781 2638 818 2674 in
866 2637 932 2674 ma
981 2637 1028 2675 de
1070 2639 1333 2686 epu-themate
1375 2640 1522 2685 disqui-

134 2699 298 2745 sitione3
326 2699 379 2737 cr.
411 2698 637 2738 Buecheler.
668 2699 692 2737 Ι.
722 2700 745 2738 Ι.
773 2709 807 2748 p.
839 2700 926 2738 ⁶59.
981 2704 984 2707 ’
