1812 3185
749 290 803 296 -.„
833 264 917 335 ‘27
981 290 1032 295 -

204 403 307 454 num
346 402 437 434 esse
471 391 748 443 censuissent,
786 391 901 434 idem
946 392 992 433 in
1029 390 1224 434 Nubibus
1262 402 1392 446 prauo
1423 391 1578 434 iudicio

205 469 493 527 repudiassent
506 472 576 528 ⁷⁴).

590 667 630 710 b.
691 666 761 710 De
789 678 863 709 uu.
881 666 1196 709 889-1104,

320 793 428 838 Cum
457 806 507 837 ex
526 794 600 846 eis,
631 805 737 849 quae
755 793 892 836 adhue
910 793 1126 849 disputata
1144 793 1256 845 sunt,
1286 792 1394 835 illud
1413 792 1584 848 quidem

206 875 369 920 constet
416 887 571 919 nouam
618 875 805 930 aliquam
850 875 1016 930 partem
1053 886 1079 917 a
1117 875 1244 930 poeta
1280 874 1326 916 in
1367 873 1584 929 proeedosi

206 955 449 1013 corrigenda
468 956 672 1012 scriptam
699 945 804 1008 esse,
835 967 942 1010 quae
963 954 1165 999 eximiam
1185 953 1506 998 Daetalensium
1525 953 1585 997 si-

204 1037 492 1082 militudinem
510 1049 610 1093 prae
639 1049 685 1079 se
710 1036 860 1089 ferret,
886 1037 1030 1079 tamen
1059 1048 1121 1089 ea,
1153 1048 1259 1092 quae
1289 1048 1340 1079 ex
1358 1035 1586 1079 Daetalen·

205 1117 322 1161 sibus
349 1118 524 1170 restant,
553 1119 645 1161 tam
674 1117 824 1174 exigua
853 1116 972 1169 sunt,
1001 1117 1052 1160 ut
1079 1118 1194 1161 oerta
1223 1116 1587 1173 argumentatione

206 1196 446 1242 confirmari
479 1210 563 1242 non
586 1198 724 1255 possit
737 1231 747 1251 ‚
787 1210 893 1254 quae
931 1197 1116 1242 maxime
1144 1197 1335 1242 Nubium
1364 1210 1461 1255 pars
1491 1210 1587 1242 cum

205 1280 529 1324 Daetalensibus
553 1270 769 1336 congruat.
829 1278 1048 1322 credamus
1078 1279 1212 1335 igitur
1237 1279 1402 1323 auctori
1429 1281 1586 1331 nostro,

205 1360 455 1416 praesertim
495 1372 592 1403 eum
631 1360 723 1416 ipse
766 1372 891 1415 quem
930 1360 1036 1402 dicit
1083 1359 1274 1403 Nubium
1311 1360 1430 1402 loeus
1474 1361 1587 1402 certa

205 1440 518 1485 retractationis
536 1440 722 1497 uestigia
739 1440 949 1497 praebeat.
995 1440 1162 1497 praeter
1179 1440 1390 1484 rationem
1409 1440 1523 1483 enim
1541 1439 1588 1482 in

206 1521 359 1566 fabulis
372 1521 586 1564 ueteribus
600 1521 819 1577 uulgarem
833 1520 914 1564 duo
932 1521 1050 1569 ehori
1063 1521 1227 1564 cantica
1246 1520 1409 1573 desunt,
1436 1521 1587 1576 quibus

207 1602 562 1647 intercedentibus
583 1602 745 1647 actores
767 1602 952 1646 Socratis
973 1603 1018 1646 et
1035 1601 1289 1659 Strepsiadis
1316 1613 1589 1659 personarum

207 1683 463 1727 uestimenta
492 1683 695 1739 deponere
718 1683 840 1740 (889)
869 1684 914 1725 et
930 1684 1029 1739 post
1049 1684 1264 1726 oratorum
1282 1683 1421 1739 iurgia
1439 1683 1589 1740 (1105)

206 1764 371 1821 possint
399 1763 595 1820 recipere.
656 1763 699 1807 et
727 1763 844 1819 prius
875 1763 1046 1819 quidem
1076 1764 1310 1816 canticum,
1340 1763 1452 1819 quod
1489 1763 1591 1808 libri

208 1845 393 1902 optimae
412 1845 538 1888 notae
565 1843 759 1887 XOPOY
786 1845 914 1888 uerbo
943 1844 1144 1896 indicant,
1175 1843 1226 1888 G.
1246 1844 1515 1888 Hermannus
1530 1845 1589 1902 ⁷⁶)

207 1918 320 1970 reete
333 1926 509 1982 negauit
523 1938 549 1968 a
562 1925 687 1982 poeta
707 1926 876 1969 omnino
898 1926 1160 1970 elaboratum
1173 1925 1322 1976 fuisse3
1342 1926 1589 1982 posterioris

207 2008 351 2051 autem
380 2019 477 2050 eum
504 2005 650 2049 eadem
679 2006 868 2050 condicio
898 2019 990 2051 esse
1017 2006 1225 2060 uideatur,
1250 2007 1361 2050 haee>
1382 2007 1464 2051 duo
1494 2019 1592 2051 oan-

208 2089 295 2133 tioa
321 2100 405 2132 non
434 2088 487 2132 ob
526 2087 657 2131 aliam
708 2100 879 2132 oausam
908 2088 1053 2133 deesse
1088 2089 1304 2145 probabile
1339 2090 1427 2142 est,
1465 2102 1592 2145 quam

209 2167 321 2224 quod
347 2169 472 2224 poeta
502 2166 654 2210 deletis
682 2167 837 2224 prioris
866 2167 1033 2212 fabulae
1052 2168 1245 2212 uersibus
1268 2168 1431 2212 iustum
1459 2180 1593 2213 nouae

209 2261 382 2293 scaenae
422 2260 519 2292 oum
558 2249 709 2292 ceteris
756 2261 959 2293 conexum
1003 2262 1088 2293 non
1135 2250 1327 2294 restituit
1338 2251 1409 2307 ⁷⁶).
1477 2251 1593 2294 omni

210 2331 354 2375 autem
374 2329 635 2374 dubitatione
654 2330 758 2374 haee
777 2331 972 2387 exempta
992 2334 1107 2384 sunt,
1138 2331 1250 2387 quod
1271 2331 1311 2375 ei
1329 2343 1487 2384 uersus,
1519 2333 1592 2388 qui

319 2505 386 2554 74)
414 2505 498 2545 Non
539 2506 649 2546 recte
692 2505 838 2546 Teuffel
883 2508 922 2546 ln
962 2505 1071 2544 lehn.
1116 2504 1257 2545 Annal.
1297 2514 1338 2555 p.
1366 2507 1444 2545 557
1488 2506 1592 2548 haee

211 2570 427 2618 scripsisse
463 2570 640 2609 uidetur:
693 2569 745 2608 Er
780 2569 938 2609 meent
971 2569 1057 2608 also
1097 2570 1247 2609 semem
1281 2569 1480 2610 Publleum
1518 2570 1591 2611 den

212 2632 398 2671 vorwnrr
418 2632 488 2671 der
514 2631 818 2679 luconsequenz.
896 2650 903 2655 ·

314 2693 384 2742 75)
411 2693 508 2734 Nnb.
537 2695 599 2735 ed.
628 2695 753 2744 praet.
780 2695 893 2745 p.20.

316 2757 384 2805 70)
412 2757 654 2796 Fritzscblns
692 2757 764 2796 1.1.
795 2758 810 2795 1
838 2767 873 2808 p.
898 2758 966 2807 ¹²3
996 2759 1168 2799 Teuffel:
1195 2759 1329 2799 Philon.
1361 2758 1424 2797 vu
1452 2768 1490 2809 p.
1504 2761 1595 2799 335.
