1812 3185
778 239 1062 281 „30-

223 366 382 410 meruit
409 364 525 423 (757.
557 364 681 423 773),
716 376 801 408 non
825 364 1082 422 percipimus
1096 397 1107 417 ,
1144 376 1217 408 cur
1242 377 1340 409 mox
1369 378 1453 410 non
1481 366 1606 411 modo

226 446 520 490 hariolationis
546 447 673 501 atque
702 445 855 490 debilis
891 445 1121 489 memoriae
1146 446 1346 501 arguatur
1374 446 1449 489 sed
1478 448 1609 491 etiam

227 541 250 570 e
288 528 434 571 schola
461 526 639 571 eiciatur
677 527 835 585 (783),
878 527 980 570 licet
1024 527 1201 570 tertium
1237 526 1328 570 eius
1362 539 1609 583 responsum

226 609 331 666 (779
353 609 434 666 sq.)
462 620 596 663 neque
625 607 792 651 facetiis
830 619 964 663 neque
992 607 1056 650 rei
1083 607 1168 663 ipsi
1204 619 1332 663 quam
1366 607 1609 664 praeceptor

225 688 446 745 proposuit
490 687 759 745 explicandae
792 687 934 731 minus
976 687 1187 744 prioribus
1224 687 1328 746 (749
1366 699 1477 743 sqq.;
1523 687 1606 731 766

226 771 336 826 sqq.)
356 768 573 812 inseruiat.
623 782 673 812 ex
702 769 771 813 his
798 767 984 811 iudicare
1014 767 1140 812 debes
1167 772 1338 825 poetam
1367 768 1419 812 ad
1447 769 1608 825 priores

225 861 396 893 scaenas
423 849 487 892 ita
515 860 647 893 nouas
686 849 946 902 adiunxisse,
985 849 1035 892 ut
1063 848 1198 893 totius
1236 848 1403 893 fabulae
1430 861 1609 894 conexus

224 931 475 974 turbaretur.
536 942 793 986 quamquam
820 930 935 974 enim
964 930 1097 973 etiam
1123 929 1169 973 in
1189 930 1512 985 sequentibus
1539 930 1607 973 bis

224 1010 328 1069 (787
349 1023 462 1067 81111.;
482 1011 586 1069 855)
614 1010 666 1055 de
685 1010 854 1055 infirma
867 1010 1122 1068 Strepsiadis
1141 1010 1347 1054 memoria
1365 1010 1415 1055 fit
1433 1010 1607 1063 mentio,

223 1093 367 1135 tamen
381 1092 480 1135 aliis
494 1093 601 1135 10018
617 1105 762 1136 80110111
775 1092 881 1136 satis
896 1092 1005 1135 bona
1018 1092 1191 1134 naturae
1203 1090 1346 1134 indole
1360 1103 1451 1134 esse
1465 1093 1607 1135 osten-

224 1172 351 1216 ditur.
410 1172 538 1228 atque
567 1172 710 1229 paullo
737 1173 963 1229 postquam
987 1172 1306 1216 tabernaculum
1334 1171 1607 1228 philosopho-

223 1266 320 1297 rum
357 1253 533 1309 reliquit
562 1254 683 1308 quasi
710 1254 955 1309 praeceptor
988 1253 1272 1297 doctrinarum
1301 1252 1608 1297 Socraticamm

223 1334 313 1378 filio
342 1333 691 1391 philosophorum
719 1334 951 1378 sententias
968 1334 1150 1392 explicat
1177 1334 1281 1393 (828
1301 1334 1353 1378 cf.
1384 1346 1481 1379 cum
1499 1333 1607 1384 380;

224 1416 309 1459 847
331 1427 423 1470 sqq.
462 1415 514 1458 cf.
545 1427 643 1457 cum
681 1414 767 1457 662
787 1417 897 1473 sqq.)
942 1417 985 1458 et
1022 1416 1115 1472 ipsa
1151 1415 1229 1458 illa
1266 1415 1607 1471 interrogatione,

221 1495 276 1540 ad
288 1508 416 1552 quam
432 1494 597 1539 Socrati
614 1495 864 1552 respondere
877 1509 962 1541 non
975 1496 1152 1553 poterat,
1169 1495 1342 1540 Pasiam
1359 1495 1608 1540 creditorem

223 1575 419 1619 deturbat
454 1576 525 1633 (cf.
558 1576 671 1618 1248
696 1588 787 1645 sqq.
826 1589 924 1620 cum
952 1577 1034 1620 787
1056 1577 1179 1633 sqq.).
1236 1577 1341 1619 haec
1374 1588 1472 1619 cum
1507 1576 1607 1619 Ari—
1702 1621 1704 1623 .

225 1656 452 1713 stophanes
491 1658 537 1701 in
573 1657 719 1702 eadem
757 1657 974 1702 comoedia
1008 1670 1093 1702 11011
1130 1657 1268 1715 possit
1295 1657 1605 1714 conscripsisse,

223 1740 267 1783 in
296 1740 610 1783 retractationis
638 1739 872 1795 uestigium
899 1739 1099 1783 incidisse
1123 1739 1245 1783 nobis
1263 1738 1469 1782 uidemur.
1508 1751 1607 1793 nam

223 1833 292 1863 uu.
312 1820 448 1863 747v
465 1820 522 1863 82
551 1820 656 1864 110110
686 1822 921 1877 congruunt
951 1823 994 1865 et
1024 1834 1122 1866 cum
1149 1835 1219 1865 uu.
1237 1820 1453 1865 814—38
1480 1820 1607 1875 atque

223 1901 309 1945 843
329 1913 420 1957 sqq.
450 1903 494 1945 et
523 1913 620 1945 cum
651 1901 712 1945 eis
733 1902 910 1954 scaenis,
940 1902 987 1945 in
1006 1902 1158 1957 quibus
1174 1900 1434 1958 Strepsiades
1451 1900 1608 1944 doctri-

222 1983 289 2026 nis
308 1982 615 2039 philosophicis
636 1982 892 2026 creditorum
911 1983 1097 2038 impetus
1112 1982 1342 2038 propulsat.
1382 1981 1450 2024 his
1470 1981 1607 2025 omni-

222 2063 301 2107 bus
326 2064 500 2120 apparet
529 2062 818 2121 Strepsiadem
847 2063 953 2107 satis
973 2063 1091 2126 ‚bona
1118 2063 1293 2106 naturae
1318 2061 1460 2106 indole
1486 2073 1607 2119 prae-

223 2144 362 2188 ditum
398 2157 511 2198 esse,
549 2146 622 2201 qui
656 2157 741 2189 non
779 2144 905 2188 modo
938 2146 984 2188 in
1010 2144 1291 2202 percipiendis
1315 2144 1439 2188 rebus
1466 2142 1607 2200 philo-

222 2224 410 2282 sophicis
422 2224 568 2269 felices
586 2238 833 2283 progressus
848 2225 991 2279 faciat,
1022 2225 1097 2270 sed
1111 2238 1217 2281 quae
1230 2225 1363 2270 semel
1375 2224 1608 2283 perceperit

224 2307 357 2351 etiam
397 2306 511 2351 haud
546 2306 715 2351 infirma
742 2307 950 2352 memoria
977 2307 1134 2352 teneat.
1194 2307 1295 2351 huic
1322 2307 1466 2351 autem
1493 2306 1606 2351 senis

222 2388 403 2445 imagini
448 2387 625 2432 aduersa
663 2387 801 2432 fronte
846 2387 1016 2431 obstant
1058 2401 1129 2432 uu.
1164 2389 1249 2432 783
1288 2401 1378 2444 sqq.
1391 2422 1402 2441 ,
1455 2388 1606 2444 quibus

222 2467 484 2526 Strepsiades
513 2470 563 2513 ut
591 2469 719 2514 homo
748 2467 870 2514 tardo
900 2471 944 2513 et
971 2470 1131 2526 agresti
1154 2469 1323 2526 ingenio
1352 2470 1605 2529 depingitur,

223 2550 297 2605 qui
313 2562 448 2604 neque
467 2552 597 2595 uerba
614 2552 739 2595 rebus
759 2549 981 2594 commoda
1009 2550 1144 2593 facere
1163 2551 1267 2609 (783
1287 2551 1453 2611 fag—2372)
1471 2565 1607 2608 neque

221 2632 444 2687 praecepta
477 2631 678 2688 magistri
713 2631 943 2675 memoriae
970 2631 1109 2688 possit
1146 2631 1321 2689 infigere
1348 2632 1452 2691 (785
1482 2633 1604 2690 sqq.).

224 2712 474 2768 quapropter
497 2724 552 2756 ne
580 2710 840 2756 offendamus
869 2713 1014 2756 contra
1043 2712 1320 2766 sententiam,
1350 2725 1433 2769 qua
1461 2713 1607 2757 auctor
