1812 3185
778 238 819 244 -
885 212 1050 261 11,-

215 346 297 398 μὲν
334 338 606 397 κάποιοῦμεν
639 339 773 385 δεινά·
810 337 968 397 βροντὴ
1009 337 1044 384 δ’
1090 337 1257 396 ἐρράγη
1288 336 1337 382 δι’
1371 335 1596 393 ἀστραπῆς

216 432 252 462 6.
269 431 308 474 q.
325 432 358 463 s.
390 419 628 477 (582-86)
657 419 824 463 diuersa
850 418 1047 461 uidentur
1076 417 1128 461 ab
1147 416 1488 461 antecedentibus
1507 415 1598 458 illis

215 500 463 559 βροντῶμεν
492 495 517 555 ἢ
551 500 817 557 ψακάζομεν
847 498 982 556 (580).
1023 498 1091 541 his
1113 498 1228 541 enim
1259 510 1356 541 cum
1373 497 1466 553 ipsa
1484 497 1596 540 tem-

214 582 355 636 pestas
384 581 612 628 uehemens
641 578 911 631 describatur,
942 579 987 621 in
1018 579 1107 621 illis
1138 591 1187 621 ea
1216 590 1378 633 quoque
1407 577 1597 633 exposita

215 662 326 712 sunt,
356 672 461 715 quae
490 659 681 703 Nubium
709 659 829 703 uelut
857 659 1079 702 hominum
1107 659 1195 702 irae
1223 657 1460 714 erumpenti
1477 658 1597 700 ante-

215 739 358 784 cedere
398 742 702 785 consueuerunt
740 741 838 800 (τὰς
867 741 1007 799 ὀφρῦς
1037 740 1295 800 συνήγομεν
1323 740 1597 797 κάποιοῦμεν.

214 823 366 880 δεινά).
427 835 531 878 quae
562 822 865 873 dissimilitudo
896 835 993 866 cum
1021 822 1074 866 ad
1100 835 1191 866 rem
1219 822 1409 865 nostram
1436 821 1595 864 nullius

214 902 274 945 sit
299 903 506 950 momenti
536 904 580 946 et
606 903 652 946 in
679 904 856 958 utroque
877 904 1092 947 enuntiato
1113 904 1218 946 hacc
1238 903 1475 946 communis
1497 915 1594 945 sen·
1682 947 1692 952 x

213 982 349 1025 tentia
388 982 525 1025 inesse
564 981 774 1034 uideatur,
825 995 906 1036 qua
941 981 1086 1025 Nubes
1125 994 1170 1024 se
1205 982 1480 1037 tempestates
1521 994 1593 1024 ex-

214 1062 381 1106 citando
419 1063 700 1106 Athenienses
727 1076 753 1105 a
787 1063 932 1106 stultis
973 1063 1163 1105 consiliis
1203 1075 1398 1105 reuocare
1437 1062 1592 1114 dicant,

213 1142 305 1185 VV.
321 1142 414 1185 DD.
451 1154 609 1185 errasse
645 1142 950 1195 existimamus,
982 1142 1055 1197 qui
1083 1142 1229 1185 Nubes
1262 1138 1354 1187 εἶτα
1380 1154 1483 1186 uoce
1516 1154 1593 1185 no-

213 1235 316 1266 uum
345 1223 474 1265 amici
502 1223 568 1266 sui
597 1223 643 1265 in
675 1223 957 1269 Athenienses
987 1223 1121 1267 animi
1149 1223 1444 1267 testimonium
1475 1224 1594 1266 ante-

213 1303 455 1348 cedentibus
493 1302 731 1347 adiunxisse
768 1305 1022 1360 putauerunt
1038 1304 1106 1362 ³⁶).
1166 1304 1298 1348 immo
1329 1305 1433 1348 haec
1461 1305 1595 1361 parti-

214 1385 308 1428 cula
336 1385 479 1440 aperte
514 1385 811 1440 argumentum
845 1397 891 1428 re
919 1385 1143 1441 probatum
1176 1384 1229 1428 ad
1267 1386 1522 1429 sententiam
1549 1386 1595 1428 in

213 1464 458 1508 uniuersum
495 1478 619 1522 supra
647 1465 908 1521 propositam
936 1465 1000 1508 ita
1028 1464 1237 1518 adnectit,
1276 1466 1326 1508 ut
1352 1466 1469 1509 totus
1499 1479 1594 1509 sen-

170 1529 173 1531 ·
213 1547 443 1590 tentiarum
473 1547 570 1590 filus
599 1546 722 1589 facile
751 1546 823 1589 hic
851 1546 925 1589 sit:
962 1559 1067 1605 ⁶cum
1086 1559 1250 1602 semper
1268 1546 1449 1590 tutelam
1472 1547 1595 1591 uobis

212 1629 472 1684 praestemus
510 1628 553 1670 et
587 1627 863 1683 tempestates
906 1626 1127 1670 excitando
1172 1627 1223 1670 ab
1262 1627 1424 1670 insanis
1470 1628 1594 1672 rebus

213 1719 289 1750 uos
317 1719 512 1757 reuocare
552 1706 817 1759 studeamus,
855 1706 949 1748 tum
988 1718 1036 1749 eo
1077 1718 1239 1761 quoque
1268 1707 1476 1763 tempore,
1513 1719 1594 1763 quo

214 1788 412 1831 Cleonem
448 1787 745 1842 imperatorem
785 1781 961 1829 electuri
994 1787 1023 1828 i.
1056 1799 1090 1829 e.
1133 1783 1283 1844 ἔξοδοι)
1320 1787 1472 1846 μηδενὶ
1512 1788 1594 1846 ξὺν

212 1870 277 1926 νῷ
290 1868 442 1912 facturi
459 1868 599 1919 eratis,
628 1867 823 1910 omnibus
843 1868 1015 1909 naturae
1035 1866 1240 1923 prodigiis
1259 1868 1390 1912 iratas
1409 1882 1486 1912 nos
1502 1882 1594 1913 esse

211 1950 381 2006 propter
390 1949 511 1992 illam
521 1948 730 1991 insaniam
739 1943 1023 1992 ostendimus'.
1045 1950 1295 2004 quapropter
1309 1949 1540 2004 primum,
1556 1952 1595 1994 si

214 2030 308 2085 quis
319 2026 409 2075 εἶτα
418 2030 649 2085 particulae
658 2029 766 2071 hanc
775 2029 1139 2084 significationem,
1151 2041 1278 2084 quam
1287 2031 1379 2072 tota
1387 2032 1596 2074 sententia

213 2110 391 2167 flagitat,
407 2111 577 2154 subesse
595 2111 733 2166 neget,
749 2110 787 2152 is
807 2109 857 2152 de
877 2109 962 2152 alia
982 2109 1328 2165 interpretatione
1346 2112 1420 2153 uix
1439 2113 1596 2167 poterit

214 2190 417 2247 cogitare,
461 2189 535 2233 sed
574 2189 830 2233 medicinam
856 2190 948 2233 loco
981 2189 1100 2246 quasi
1135 2191 1327 2247 corrupto
1358 2191 1421 2235 ita
1449 2192 1596 2237 afferre

229 2435 232 2438 ι
318 2387 386 2435 36)
417 2387 586 2426 Teuffel:
621 2387 758 2426 Philol.
787 2386 853 2426 vn
892 2396 929 2438 p.
958 2387 1034 2426 349
1062 2386 1151 2436 (qul
1186 2387 1296 2427 locus
1338 2388 1467 2428 tamen
1506 2398 1594 2429 cum

215 2459 252 2499 p.
271 2450 349 2489 346
363 2452 475 2490 11111111
495 2452 756 2490 conterendus
776 2452 878 2498 est),
906 2452 998 2491 61111.
1026 2451 1122 2489 Ν1111.
1145 2460 1182 2500 p.
1198 2451 1249 2489 99
1275 2452 1357 2490 not.
1376 2451 1424 2490 ad
1444 2453 1594 2501 11.581;

215 2513 433 2553 Buecheler
459 2514 528 2553 1.1.
560 2523 599 2564 p.
624 2513 720 2563 660;
774 2514 883 2554 recte
911 2515 1048 2554 contra
1077 2514 1306 2554 Ernestlns:
1335 2506 1434 2570 ι,εἴποι
1460 2518 1595 2565 possis

216 2577 371 2616 uertere
400 2579 535 2616 uerbi
576 2578 787 2627 exempli
818 2588 986 2619 causa.
1027 2579 1151 2618 seruit
1170 2579 1272 2618 6111111
1293 2579 1594 2620 demonstrando

172 2640 174 2642 ’
216 2639 314 2687 quod
350 2639 393 2677 nt
424 2640 786 2679 commemorando’.
840 2650 950 2688 quem
990 2642 1151 2682 secutus
1193 2642 1257 2682 est
1293 2642 1364 2682 1⁸11.
1403 2643 1515 2682 Kock
1554 2645 1594 2683 111

217 2703 309 2744 edit.
339 2702 432 2743 Nub.
464 2703 564 2744 18⁶2
592 2704 641 2743 ad
669 2713 706 2743 u.
726 2705 816 2744 581.
