1812 3185
749 252 805 259 ,-
879 226 1038 267 4--

205 353 430 410 stophanes
475 352 583 395 hanc
637 352 981 395 retractationem
1024 351 1176 407 prioris
1222 351 1462 395 comoediae
1506 364 1589 395 non

203 434 442 477 absolutam
470 433 655 488 reliquit.
717 433 835 475 cuius
874 433 938 475 rei
966 433 1079 475 certa
1106 432 1290 487 uestigia
1319 433 1366 475 in
1394 432 1454 475 eis
1483 433 1595 480 10018

203 514 425 571 apparent,
458 514 531 557 ubi
565 526 675 557 noua
712 526 809 556 cum
835 514 1063 558 ueteribus·
1090 514 1152 557 ita
1180 514 1278 557 sunt
1305 512 1591 556 consarcinata

204 596 294 638 siue
324 596 376 638 ab
405 596 497 650 ipso
528 595 652 650 poeta
683 596 774 638 siue
804 595 857 638 ab
879 595 1038 638 editore
1057 596 1262 651 temporis
1283 594 1587 649 subsequentis,

202 677 252 719 ut
293 688 342 718 ex
394 676 705 732 comparatione
745 676 1019 732 utrorumque
1057 676 1150 719 fieri
1185 688 1269 719 non
1306 675 1444 732 possit
1487 674 1589 730 quin

203 757 365 811 aliquid
394 757 548 800 saltem
578 758 685 799 lucis
716 757 768 800 ad
788 757 1049 812 deperditam
1070 757 1331 800 comoediam
1354 756 1588 799 accuratius

128 858 130 861 v
204 835 536 892 cognoscendam
568 836 784 880 redundet.
839 838 953 880 recte
982 832 1115 893 igitur
1145 836 1339 880 omnibus
1367 835 1458 879 VV.
1477 834 1585 888 DD.,

204 918 276 971 qui
307 916 356 958 de
386 917 595 972 prioribus
616 917 810 960 Nubibus
842 917 1053 972 sapienter
1083 917 1351 972 scripserunt,
1380 917 1587 972 posterior

204 997 345 1040 fabula
375 996 503 1053 digna
523 1009 615 1040 esse
645 996 879 1049 uidebatur,
910 1009 934 1040 a
956 1010 1036 1052 qua
1064 998 1183 1041 uelut
1203 997 1474 1041 fundamento
1495 998 1590 1041 1013

203 1078 445 1132 disquisitio
471 1078 817 1133 ¹1')roficisceretur.
871 1079 912 1120 et
942 1092 994 1120 ne
1023 1091 1099 1121 nos
1130 1079 1301 1133 quidem
1330 1079 1381 1121 ab
1408 1079 1486 1121 hac
1514 1078 1586 1120 1113

204 1158 246 1200 01
274 1158 436 1201 ratione
468 1158 717 1201 secessimus
746 1158 790 1201 id
820 1159 918 1201 ante
948 1159 1089 1202 omnia
1118 1154 1309 1216 agentes,
1339 1159 1388 1201 ut
1418 1159 1585 1201 senten-

202 1239 286 1280 tias
312 1251 337 1280 a
365 1239 456 1280 VV.
479 1238 573 1280 DD.
604 1239 790 1293 prolatas
821 1251 1183 1293 componeremus,
1222 1252 1343 1281 ueras
1387 1239 1458 1281 uel
1486 1251 1586 1294 pro-

201 1319 363 1362 babiles
402 1319 665 1361 firmaremus
681 1351 691 1370 ‚
734 1318 862 1361 falsas
891 1319 961 1361 uel
989 1319 1080 1361 ueri
1110 1319 1250 1362 minus
1281 1319 1444 1362 similes
1472 1318 1584 1362 refu·

199 1400 400 1441 taremus.
441 1400 517 1440 nec
546 1399 691 1440 tamen
719 1398 764 1440 in
795 1399 935 1440 animo
957 1399 1078 1441 nobis
1100 1399 1165 1441 est
1195 1400 1336 1441 omnia
1368 1411 1582 1455 exponere,

200 1493 304 1535 quae
336 1479 385 1522 de
414 1479 552 1535 priore
582 1479 723 1522 fabula
763 1479 885 1522 facile
914 1480 1079 1535 possint
1110 1480 1364 1532 coaceruari,
1401 1480 1473 1523 sed
1513 1492 1584 1523 eos

200 1562 245 1604 in
270 1561 421 1617 primis
450 1561 696 1616 posterioris
727 1553 968 1604 comoediae
1006 1561 1133 1612 locos,
1165 1561 1238 1615 qui
1265 1560 1482 1617 proecdosi
1508 1561 1582 1603 ab·

200 1640 414 1683 iudicandi
435 1653 525 1682 esse
542 1640 776 1691 uideantur,
807 1641 868 1682 ita
889 1653 1089 1692 enarrare,
1120 1642 1168 1683 ut
1189 1653 1293 1695 quae
1313 1641 1464 1683 horum
1489 1641 1581 1683 1000

199 1721 243 1762 111
276 1722 414 1776 priore
453 1720 593 1763 fabula
632 1721 771 1775 posita
813 1720 968 1763 fuerint
1001 1721 1287 1776 probabilibus
1333 1721 1581 1763 coniecturis

197 1802 372 1857 adsequi
407 1815 616 1845 conemur.
678 1814 727 1843 30
763 1801 865 1844 (11100
902 1801 1073 1856 quidem
1104 1803 1272 1844 utemur
1305 1803 1473 1845 auctore
1502 1802 1581 1858 hy-

196 1881 418 1937 potheseos
435 1882 576 1924 sextae
592 1880 645 1923 ad
657 1881 917 1924 metecdosin
937 1882 966 1923 i.
981 1893 1015 1924 e.
1038 1881 1090 1924 ad
1105 1882 1381 1937 posteriorem
1391 1881 1581 1941 Nubium

198 1963 460 2005 comoediam
489 1963 769 2018 respicientis,
801 1962 874 2016 qui
901 1963 992 2004 iure
1023 1962 1114 2004 VV.
1132 1962 1226 2004 DD.
1256 1962 1468 2017 plerisque
1498 1962 1581 2007 fide

195 2043 314 2086 uisus
348 2043 412 2085 est
442 2042 718 2099 dignissimus
740 2044 807 2099 ¹2).
855 2042 892 2084 is
914 2042 1047 2098 igitur
1065 2041 1196 2085 tradit
1225 2042 1305 2085 duo
1329 2055 1419 2085 esse
1439 2042 1579 2085 muta-

194 2123 326 2165 tionis
355 2134 508 2177 genera
521 2155 530 2172 ,
563 2123 713 2177 quibus
750 2123 958 2177 posterior
988 2135 1012 2164 a
1041 2123 1179 2178 priore
1206 2123 1347 2165 fabula
1377 2123 1577 2173 discedat,

195 2202 437 2258 διόρθωσιν
467 2201 647 2244 alterum
677 2201 705 2244 i.
732 2214 765 2243 e.
796 2202 935 2245 leuem
966 2201 1228 2258 singulorum
1257 2214 1457 2245 uersuum
1486 2214 1579 2245 cor-

192 2282 445 2332 rectionem,
473 2281 654 2323 alterum
675 2281 917 2336 διασκευήν
947 2282 975 2323 1.
999 2294 1033 2323 0.
1063 2294 1218 2324 nouam
1246 2282 1433 2324 totamm
1462 2294 1578 2324 scae-

192 2375 342 2405 narum
358 2361 700 2405 elaborationem.
743 2361 977 2418 διόρξιωσις
991 2374 1103 2411 uero,
1135 2362 1253 2404 cuius
1281 2362 1358 2404 ille
1388 2362 1575 2418 singulas

294 2582 360 2626 12)
394 2581 635 2620 Fritzschlus
672 2583 695 2620 Ι.
738 2583 764 2620 Ι.
808 2582 822 2620 1
857 2591 894 2631 p.
922 2583 972 2630 83
1025 2582 1194 2622 Teuffel:
1240 2582 1336 2622 Mus.
1378 2584 1498 2623 Rhea.
1542 2583 1573 2621 X

189 2653 225 2693 p.
246 2644 337 2691 2¹5,
365 2644 460 2683 Nub.
483 2644 576 2682 edit.
609 2652 646 2692 p.
663 2644 734 2692 223
766 2645 938 2692 Koechly
965 2645 988 2683 Ι.
1013 2644 1038 2682 Ι.
1068 2654 1105 2695 p.
1122 2648 1198 2685 4¹4
1224 2655 1327 2695 εφη
1356 2645 1575 2692 Buecheler

189 2709 213 2746 1.
236 2708 261 2746 Ι.
290 2717 325 2755 p.
346 2708 437 2746 685.
1547 2726 1552 2729 ⁴
