1812 3185
768 197 1057 239 -6—

217 322 436 379 proecdosi
465 322 734 366 abiudicandi
762 324 863 366 sunt
877 324 944 381 ¹⁸).
1004 334 1138 378 neque
1163 323 1302 379 magis
1331 322 1383 366 de
1411 321 1615 366 uersibus.

219 416 245 446 a
280 403 364 446 527
393 402 445 445 ad
472 403 556 446 536
586 402 842 446 dubitamus.
900 403 1087 459 primum
1134 402 1248 445 enim
1279 414 1353 458 per
1385 415 1431 446 se
1454 403 1615 458 proba--

220 483 350 526 bilius
370 483 435 526 est
456 484 629 540 poetam
647 483 772 540 plane
796 495 955 527 nouum
977 495 1146 527 carmen
1165 483 1384 526 contexere
1403 482 1605 526 maluisse

220 576 349 620 quam
380 565 594 608 ueteribus
625 565 687 608 ita
716 564 880 608 adicere
910 576 1040 617 noua,
1081 565 1130 608 ut
1158 577 1281 608 nemo
1303 564 1368 628 ⁴in
1396 576 1444 608 eo
1474 563 1605 607 offen-

221 644 359 695 deret3
376 644 524 688 deinde
541 657 653 697 uero,
673 645 712 687 si
729 645 824 701 quis
845 644 898 688 ad
911 644 1158 701 proecdosin
1177 645 1255 689 hos
1274 657 1420 689 uersus
1439 644 1616 698 referat„

220 737 304 768 non
332 725 455 768 facile
485 738 591 780 quae
621 726 687 769 eis'
716 726 983 769 continentur
1007 726 1206 782 explicari
1224 726 1401 782 possint.
1441 725 1608 769 dubitat

222 806 366 851 autem
387 806 525 862 poeta,
552 819 657 849 num
684 806 789 849 haec
807 806 949 850 fabula
968 817 1098 862 aeque
1119 807 1329 862 sapientes
1350 806 1617 862 spectatores.

222 886 443 929 inuentura
471 887 530 929 sit
559 899 609 928 ac
628 886 903 929 Daetalenses
932 886 1182 944 (534-36).
1221 885 1294 929 sed
1314 886 1424 941 quod
1443 885 1607 931 fabulae

222 965 517 1009 antecedentes
547 966 684 1009 multo
712 966 843 1008 etiam
864 966 1003 1022 magis
1033 978 1161 1021 quam
1179 965 1454 1009 Daetalenses
1474 965 1612 1024 hono->

222 1047 339 1089 ratae
374 1046 492 1088 erant
511 1046 583 1103 l³³),
625 1045 752 1088 huius
793 1044 1069 1089 dubitationis
1098 1045 1172 1088 uix
1207 1045 1297 1089 ulla
1326 1046 1447 1099 ‘iusta
1484 1058 1608 1089 causa

224 1126 404 1182 cogitari
439 1126 593 1181 potest.
655 1139 704 1168 ex
745 1126 878 1169 altera
922 1138 1022 1169 uero
1059 1126 1179 1181 parte
1213 1126 1337 1168 facile
1371 1126 1606 1181 intelleges,

224 1219 298 1249 cur
333 1207 431 1262 post
470 1206 660 1249 Nubium
695 1206 855 1248 malam
896 1205 1107 1248 fortunam
1131 1206 1256 1261 poeta
1284 1205 1535 1261 polliceatur
1560 1218 1606 1249 se

226 1299 302 1329 sua
340 1287 511 1341 quidem
548 1286 768 1329 uoluntate
809 1287 1066 1341 spectatores
1109 1285 1372 1329 deserturum
1402 1298 1488 1329 non
1516 1299 1607 1330 esse

224 1368 359 1428 (527).
420 1368 514 1411 tum
556 1367 686 1414 etiam
725 1367 877 1410 merito
922 1367 1105 1410 incertus
1142 1380 1234 1411 esse
1270 1367 1458 1424 poterat,
1505 1381 1609 1413 num

224 1449 480 1504 spectatores
509 1449 616 1491 hanc
646 1449 833 1491 fabulam
862 1448 1018 1491 rectius
1037 1448 1275 1504 percepturi
1304 1450 1445 1492 essent
1470 1450 1609 1505 priore

225 1529 301 1572 illa
332 1530 594 1585 cognomini,
636 1542 763 1585 quam
799 1530 969 1585 propter
999 1530 1191 1586 ineptum
1231 1542 1375 1572 eorum
1402 1516 1609 1574 iudicium

228 1610 430 1652 cecidisse
465 1610 590 1653 initio
623 1611 757 1666 ipsius
794 1610 963 1653 nostrae
990 1611 1237 1666 parabaseos
1269 1610 1438 1654 disertis
1467 1610 1608 1654 uerbis

227 1690 400 1732 indicat.
458 1692 592 1733 restat
623 1691 801 1745 denique
830 1690 947 1733 locus
977 1691 1050 1745 qui
1079 1704 1104 1733 a
1134 1704 1175 1733 u.
1207 1692 1290 1734 537
1321 1691 1484 1747 incipit.
1543 1693 1610 1734 est

226 1771 369 1814 autem
406 1771 480 1814 uni
519 1771 751 1814 metecdosi
790 1769 1092 1814 attribuendus.
1154 1772 1222 1815 cui
1259 1771 1492 1816 sententiae
1536 1771 1609 1827 qui

225 1851 480 1907 refragatur,
520 1851 726 1894 Nostrum
761 1851 946 1893 maxime
984 1852 1309 1907 grandiloquum
1347 1853 1390 1895 et
1426 1851 1510 1895 sibi
1538 1851 1613 1894 in-.

227 1932 491 1975 constantem
520 1932 651 1976 fuisse
681 1933 966 1986 arbitrabitur,
998 1933 1096 1990 quia
1116 1933 1179 1976 sic
1197 1934 1319 1976 uanis
1348 1932 1543 1976 laudibus
1563 1945 1608 1976 se

227 2012 393 2056 efferret
420 2013 462 2057 et
491 2013 616 2069 longe
643 2014 854 2058 recederet
883 2015 934 2057 ab
966 2027 1014 2057 ea
1033 2014 1208 2067 ratione,
1237 2026 1363 2069 quam
1391 2014 1489 2070 ipse·
1511 2013 1608 2057 aliis

225 2092 331 2136 locis
372 2093 663 2150 pronuntiauit
679 2094 737 2151 ²⁰)
774 2094 815 2136 et
857 2093 1082 2156 diligenter
1122 2094 1290 2137 secutus
1324 2093 1389 2137 est
1403 2094 1475 2151 ²¹).
1535 2092 1609 2136 sed

339 2301 403 2351 18)
429 2303 563 2342 Schol.
592 2302 685 2341 Nub.
716 2304 816 2351 5523
869 2304 1008 2343 Athen.
1036 2304 1100 2343 vn
1130 2313 1165 2353 p.
1185 2303 1319 2353 ²⁹⁹b3
1368 2302 1612 2342 Frltzschius

225 2365 251 2404 Ι.
270 2366 295 2404 Ι.
324 2365 355 2404 11
384 2376 422 2415 p.
443 2369 481 2405 4.

332 2429 395 2476 19)
422 2430 680 2469 Daetalenses
710 2430 909 2469 secundas
937 2429 1079 2477 (schol.
1097 2429 1188 2469 Nub.
1205 2428 1300 2476 529)
1329 2423 1606 2469 Achai-nenses

223 2491 264 2529 et
300 2490 458 2537 Equites
496 2494 643 2540 primas
673 2492 846 2531 tulerant
884 2492 1109 2542 (11)ροῑ1103.
1134 2492 1295 2540 ΙΑοΙι,
1329 2492 1537 2543 hypothes.
1574 2492 1608 2531 11

220 2553 403 2669 Εᾲυηέθ)
432 2617 524 2655 Pac.
553 2619 629 2656 734
657 2628 715 2665 sq.
743 2621 795 2657 cr.
825 2627 910 2658 cnm
931 2620 1027 2658 Ach.
1057 2619 1135 2661 028
1161 2629 1220 2667 sq·

321 2679 389 2727 21)
420 2679 489 2724 Ei,
533 2689 642 2726 quam
672 2681 956 2731 Aristophanes
985 2682 1076 2723 Pac.
1101 2684 1178 2725 734
1205 2692 1265 2731 sq.
1296 2661 1502 2733 professus
1529 2685 1608 2731 est,
