1812 3185
767 264 1055 305 ψῃ--

221 392 436 432 oratorum
456 391 714 445 colloquium
735 399 943 443 secuntur,
976 392 1248 447 comprobant
1278 392 1384 434 hanc
1412 403 1604 435 scaenam

221 482 243 511 e
264 471 427 514 mutato
448 472 599 527 prioris
619 472 784 515 fabulae
805 473 980 516 consilio
1003 473 1208 529 originem
1229 473 1407 516 duxisse.
1447 474 1604 516 multa-

219 565 315 594 rum
346 553 460 595 enim
487 566 816 608 magnarumque
837 554 1148 606 difficultatum,
1176 567 1280 609 quae
1309 555 1420 597 inter
1438 555 1603 596 utrum-

221 647 301 688 que
344 635 498 677 locum·
524 635 804 687 intercedunt,
850 636 1014 678 nullum
1049 636 1164 678 aliud
1199 637 1434 679 remedium
1469 635 1604 677 adhuc

220 716 435 771 apparuit,
478 729 604 771 quam
634 717 683 759 ut
706 730 852 760 uersus
884 717 1183 772 subsequentes
1221 719 1404 761 maxime
1441 717 1602 760 dissen-

218 797 374 839 tientes
406 810 502 840 cum
532 798 736 849 hocloco,
769 799 840 853 qui
860 811 886 840 a
910 799 1047 854 priore
1067 798 1208 841 fabula
1227 799 1405 850 abesset,
1436 812 1461 841 a
1479 801 1603 854 poeta

218 890 301 920 non
332 877 493 920 deletos
536 891 626 920 esse
665 879 969 921 existimemus.
1032 879 1176 934 quales
1206 880 1349 922 autem
1388 879 1474 922 sint
1502 879 1602 921 illae

219 959 504 1011 difficultates,
533 972 630 1002 oum
650 973 674 1002 a
703 960 938 1003 Fritzschio
967 961 1009 1002 et
1039 960 1242 1003 Teuffelio
1258 961 1316 1017 ⁷⁷)
1348 961 1452 1003 satis
1483 972 1602 1002 enar-

218 1043 335 1084 ratae
378 1042 484 1093 sint,
530 1054 741 1084 summam
784 1041 957 1083 illorum
1003 1041 1312 1096 disquisitionis
1349 1043 1599 1098 repetamus.

219 1123 457 1166 statuerunt
474 1122 586 1165 enim
602 1135 671 1164 uu.
690 1122 800 1164 1105
811 1148 849 1152 —
862 1122 917 1164 30
946 1121 1164 1177 proecdosi
1182 1122 1475 1166 adscribendos
1497 1135 1599 1166 esse.

219 1206 292 1260 qui
312 1204 423 1260 quod
438 1217 463 1246 a
477 1205 603 1260 poeta
622 1216 705 1247 non
726 1203 857 1246 deleti
878 1204 1031 1256 essent,
1056 1202 1216 1246 factum
1237 1215 1340 1256 esse,
1362 1206 1410 1247 ut
1426 1204 1469 1247 in
1492 1205 1602 1246 hunc

218 1287 359 1329 locum
387 1298 462 1341 per
489 1286 724 1340 principem
753 1285 918 1327 fabulae
947 1286 1151 1328 editorem
1179 1286 1457 1341 peruenirent.
1506 1298 1602 1327 eum

218 1366 479 1410 intellexisse
507 1378 674 1409 carmen
704 1366 919 1409 eboricum
941 1367 1096 1419 deesse,
1130 1366 1202 1410 sed
1222 1379 1304 1410 una
1324 1380 1420 1410 cum
1439 1366 1600 1409 cantico

218 1449 505 1506 (1114—30)
547 1447 840 1491 antecedentes
886 1449 980 1491 octo
1024 1461 1170 1495 uersus
1212 1449 1510 1507 (1105—12)
1557 1448 1601 1491 in

217 1531 426 1585 prioribus
473 1530 667 1573 Nubibus
723 1543 818 1573 eum
862 1531 942 1574 hoc
984 1531 1253 1573 cohaerentes
1299 1532 1603 1574 sententiarum

217 1624 324 1654 nexu
353 1612 546 1667 neglecto
577 1611 660 1653 huc
689 1611 851 1654 tulisse.

296 1830 345 1873 2.
407 1832 532 1883 Quae
563 1833 814 1872 sententiae
843 1833 888 1872 in
915 1832 1153 1886 praeedosi
1176 1846 1261 1885 pro
1291 1838 1519 1872 oratorum

586 1914 742 1969 iurgiis
776 1920 1018 1953 enarratae
1045 1913 1236 1967 fuerint.

334 2040 645 2095 Inuestigemus
688 2041 832 2081 autem
845 2073 854 2090 ,
910 2052 1014 2093 quae
1061 2039 1293 2080 sententiae
1337 2050 1411 2093 pro
1452 2038 1602 2094 iurgiis

217 2123 445 2165 oratorum.
469 2121 515 2163 in
545 2120 683 2175 priore
720 2120 862 2162 fabula
893 2119 1105 2175 expositae
1143 2118 1309 2160 fuerint.
1370 2130 1468 2160 nam
1491 2119 1602 2161 haud

216 2215 370 2258 paucos
399 2213 546 2243 uersus
578 2200 628 2243 de
656 2201 865 2256 prioribus
886 2199 1079 2242 Nubibus
1100 2199 1261 2241 deletos
1290 2211 1392 2250 esse,
1426 2208 1602 2253 quorum

216 2283 261 2324 in
291 2283 434 2325 locum
461 2281 566 2323 haec
592 2293 741 2323 scaena
770 2280 1021 2332 succederet,
1045 2279 1206 2322 Teuffel
1219 2279 1276 2337 ⁷⁸)
1308 2292 1404 2322 curn
1433 2279 1601 2322 aliunde

216 2366 310 2407 tum
342 2377 363 2405 e
394 2376 567 2405 numero
598 2375 798 2404 uersuum
828 2362 960 2403 totius
994 2361 1160 2404 fabulae
1189 2373 1286 2402 cum
1307 2360 1456 2402 ceteris
1487 2372 1601 2403 com-

215 2445 361 2500 parato
397 2444 511 2486 recte
552 2443 737 2500 collegit.
799 2443 924 2498 atque
953 2455 1052 2498 prae
1082 2442 1232 2485 ceteris
1268 2453 1336 2483 uu.
1357 2441 1532 2483 1105-
1547 2442 1600 2484 12

219 2526 592 2570 considerabimus.

319 2704 387 2749 77)
418 2702 729 2741 Frltzschiusl.1.
752 2701 766 2739 l
788 2702 1011 2750 ρ.12-14;
1040 2700 1206 2740 Teuffel:
1238 2696 1600 2748 Ph1101.p.333sqq‚

320 2768 387 2812 78)
417 2767 512 2804 edit.
543 2765 637 2804 Nub.
666 2774 702 2812 p.
724 2766 788 2803 34.
1404 2763 1406 2766 ⁴
