1812 3185
722 274 773 280 -
840 249 895 290 20
958 273 1011 280 .-

180 376 291 419 latos
319 388 422 428 esse,
454 377 608 431 quanto
638 376 780 420 minus
801 389 899 420 eum
918 376 1017 418 illas
1042 374 1299 432 ignominias
1329 373 1569 429 neglexisse

182 457 513 510 arbitrabimini,
550 470 654 513 quas
690 441 783 501 iota
822 459 1028 514 Equitum
1064 457 1208 500 fabula
1246 456 1292 498 in
1334 466 1431 496 eum
1469 466 1569 497 eon-

182 540 404 594 gesserat‘?
422 539 584 583 accedit
601 540 723 595 quod,
756 541 794 583 si
815 553 875 592 ea,
907 553 1012 595 quae
1027 539 1253 594 Equitibus
1268 537 1313 579 in
1343 547 1440 578 eum
1459 534 1568 577 falso

183 619 348 674 prolata
386 622 504 663 erant
524 622 600 678 60),
647 621 775 665 Cleon
807 622 939 665 tacite
973 621 1164 672 tulisset,
1207 619 1312 662 haec
1347 630 1447 661 uera
1478 629 1570 660 esse

184 701 389 744 debebant
423 702 754 761 Atheniensibus
793 703 942 745 uideri.
1002 703 1089 744 iam
1117 714 1217 743 uero
1249 713 1345 743 cum
1375 699 1468 741 fieri
1496 699 1570 740 uix

182 781 335 835 possit,
393 782 443 823 ut
487 782 617 825 Cleon
659 783 831 825 illarum
873 783 1199 825 inimicitiarum
1240 794 1396 838 poenas
1440 781 1570 823 etiam

184 861 345 905 diutius
380 874 486 906 anno
515 864 758 916 retinuerit,
796 866 985 919 sequitur
1016 877 1065 907 ex
1096 867 1174 907 hoc
1205 864 1296 907 loco
1327 863 1497 919 poetam
1525 861 1571 903 in

181 943 319 998 priore
357 943 499 987 fabula
532 945 641 987 nihil
680 946 813 988 animi
849 946 994 988 infesti
1023 946 1068 988 in
1100 946 1298 988 Cleonem
1324 942 1569 987 ostendisse.

182 1024 325 1078 itaque
355 1024 607 1079 epirrhema,
646 1026 683 1068 si
712 1027 931 1082 proecdosi
959 1027 1182 1080 tribuitur,
1222 1038 1319 1068 cum
1341 1036 1474 1066 unum
1503 1022 1571 1064 illi

184 1105 417 1147 sententiae
453 1106 615 1158 obstet,
657 1109 709 1150 ab
748 1121 795 1151 ea
834 1122 931 1151 cum
974 1120 1141 1151 summa
1176 1107 1262 1149 sere
1303 1104 1453 1147 iudicii
1498 1115 1571 1145 ne-

184 1186 382 1228 cessitate
396 1187 698 1230 remouendum
720 1190 796 1242 est,
813 1190 1062 1246 praesertim
1081 1201 1177 1231 cum
1191 1185 1430 1243 proecdosis
1447 1183 1571 1226 facile

186 1280 235 1310 ea
264 1267 405 1311 fabula
442 1281 533 1311 esse
572 1270 729 1324 possit,
770 1284 896 1326 quam
935 1272 1059 1326 poeta
1093 1271 1161 1313 his
1198 1268 1353 1311 uerbis
1377 1265 1568 1309 denotat:

186 1349 326 1393 ταῦτα
366 1348 560 1394 κατιδὼν
591 1350 674 1395 ὑπό
714 1371 749 1395 τι
788 1350 948 1409 μικρὸν
995 1351 1234 1406 ἕπιῇήκισα
1269 1348 1442 1406 (1290).
1504 1346 1569 1388 est

185 1430 289 1471 haec
317 1429 543 1485 Droysenii
561 1433 616 1488 61)
647 1434 885 1475 coniectura
913 1434 1036 1486 ualde
1066 1431 1328 1481 uerisimilis,
1367 1441 1463 1471 cum
1493 1426 1569 1469 So-

186 1511 333 1553 cratici
357 1511 425 1554 illi
449 1513 584 1557 καλοί
611 1531 652 1558 τε
673 1514 883 1573 κάγαξωί
901 1515 1028 1572 (Nub.
1054 1515 1155 1571 101)
1183 1512 1329 1569 Cleoni
1355 1508 1569 1566 popularis

184 1604 309 1635 aurae
340 1593 546 1648 captatori
573 1594 738 1637 inimici
758 1608 849 1639 esse
871 1595 1102 1640 debuerint.
1141 1607 1275 1649 neque
1297 1591 1429 1635 officit
1448 1588 1569 1633 nobis

184 1675 311 1731 Vesp.
345 1676 470 1726 1037,
510 1676 554 1716 in
600 1688 681 1730 quo
726 1676 834 1719 illud
877 1677 962 1735 μετ’
1008 1676 1149 1721 αὐτοῦ
1192 1688 1266 1732 pro
1299 1672 1384 1733 μετ’
1432 1669 1569 1716 αὐτόν

184 1756 437 1800 facillimum
466 1756 734 1801 librariorum
763 1771 946 1801 errorem
974 1758 1148 1814 prodere
1186 1757 1380 1801 uideatur
1397 1754 1466 1811 ⁶²).
1487 1780 1567 1794 —.

184 1851 294 1881 nunc
324 1839 495 1881 demum
530 1839 786 1894 percipimus
800 1874 810 1891 ,
860 1852 986 1895 quam
1023 1852 1121 1882 uere
1150 1839 1307 1881 Noster
1334 1838 1445 1881 Nub.
1484 1836 1568 1878 550

186 1919 236 1962 de
268 1931 312 1961 se
351 1920 592 1975 prolocutus
634 1921 709 1963 sit:
747 1922 936 1964 tacuerat
974 1921 1088 1964 enim
1118 1920 1304 1977 profecto
1336 1919 1386 1962 de
1417 1917 1569 1960 Cleone

186 2013 235 2043 ex
250 2001 456 2056 Equitum
469 2002 743 2058 temporibus,
761 2015 887 2058 quarn
901 2003 974 2045 diu
985 2004 1052 2045 uir
1065 2002 1205 2045 uictus
1226 2001 1410 2049 iacebat;
1424 1999 1571 2055 postea

185 2083 349 2134 autem,
394 2095 490 2126 cum
527 2084 660 2126 denuo
696 2085 866 2140 propter
898 2084 1109 2127 fortunam
1152 2083 1272 2138 quasi
1311 2071 1573 2124 illucesceret

291 2234 359 2282 60)
390 2235 432 2272 G.
471 2235 667 2282 Droysen:
710 2237 785 2275 Des
828 2238 945 2275 Arist.
979 2235 1122 2275 Werke
1157 2234 1373 2275 iihersetzt.
1411 2231 1572 2273 186011

188 2306 223 2346 p.
252 2297 315 2335 92.

291 2362 358 2409 61)
389 2363 412 2400 l.
443 2362 467 2400 l.
497 2371 531 2411 p.
561 2361 596 2400 9.

291 2424 358 2468 62)
390 2425 482 2462 Illud
513 2418 647 2460 αὐτοῦ
673 2425 751 2462 iam
782 2424 979 2463 Bentleius
1008 2426 1194 2464 correxit.
1224 2425 1340 2463 aliter
1365 2423 1571 2462 indicatum

188 2488 251 2526 est
279 2497 342 2536 ap.
377 2487 548 2526 Meinek.
582 2485 688 2525 Com.
718 2487 749 2525 11
777 2488 802 2525 2
829 2497 867 2537 p.
902 2491 1013 2527 1115,
1071 2490 1123 2527 ibi
1152 2498 1247 2528 uero
1275 2498 1373 2536 qnae
1402 2488 1449 2526 de
1477 2489 1571 2525 tem-

188 2560 284 2599 pore
303 2551 514 2589 Holcadum
540 2552 784 2597 enarrantur,
820 2561 867 2589 ea
894 2553 1012 2590 facile
1041 2562 1087 2591 ex
1116 2553 1219 2590 salsa
1248 2552 1574 2600 interpretatione

187 2614 305 2663 vesp.
341 2613 545 2652 1037—43
577 2614 849 2663 profluxerint,
878 2622 975 2661 quos
1004 2624 1144 2654 uersus
1172 2624 1257 2654 cum
1287 2616 1462 2654 omnibus
1491 2616 1576 2654 rere

188 2679 468 2724 interpretibus
499 2679 546 2716 ad
576 2678 704 2717 Nubes
740 2680 894 2727 priores
931 2689 1006 2717 non
1042 2680 1089 2716 ad
1118 2679 1313 2718 Holcades
1343 2678 1575 2718 referendos

189 2749 282 2779 esse
309 2741 509 2789 putamus;
552 2741 605 2779 cr.
636 2740 825 2780 Frltzsch.
854 2743 877 2781 l.
908 2742 931 2781 1.
963 2742 978 2781 1
1007 2752 1042 2792 p.
1069 2742 1133 2788 ,16
1159 2745 1194 2782 1.
