1812 3185
702 240 989 282 „41-

157 380 253 413 cum
280 366 544 424 philosophis
575 367 806 411 collocutus
836 370 958 420 esset,
991 367 1064 423 qui
1094 378 1142 409 eo
1163 365 1421 422 probabilius
1440 378 1539 421 prae

157 447 397 505 Strepsiade
425 461 595 492 seruum
615 450 949 506 compellassent,
976 461 1056 504 quo
1082 448 1287 491 maiorem
1305 447 1539 491 tumultum

157 530 245 573 illis
263 529 558 573 instrumentis
587 543 715 586 quam
733 531 905 573 flamma
923 530 1192 573 tabernaculo
1212 529 1406 572 immissa
1426 528 1538 571 exci-

155 612 294 655 tatum
313 610 443 653 fuisse
471 612 694 667 oporteret.
736 612 984 668 quapropter
1005 611 1197 662 editores,
1229 611 1268 653 si
1295 611 1373 652 hos
1392 622 1538 652 uersus

156 692 440 752 (1487—89)
479 691 524 735 in
553 692 673 735 textu
701 693 960 745 retinebant,
1000 706 1068 736 uu.
1102 693 1213 735 1495
1249 704 1325 747 sq..
1351 692 1395 734 et
1427 691 1541 741 1503,

155 787 239 819 non
267 774 408 818 minus
429 786 557 828 quam
572 786 642 817 uu.
676 775 787 818 1500
817 788 878 830 sq.
929 774 1138 817 Xanthiae
1169 773 1266 817 dare
1301 772 1538 816 debuerant.

155 870 254 908 nam
289 858 386 900 cum
423 870 445 899 e
474 869 514 899 u.
548 857 659 900 1502
696 857 894 912 appareat
942 869 1088 899 unum
1124 855 1341 899 hominem
1376 854 1539 896 tectum

156 950 402 994 occupasse,
434 939 506 993 qui
536 939 611 981 illo
641 933 836 990 οὗτος-
854 936 954 982 οὑπὶ
985 939 1061 982 τοῦ
1091 939 1244 996 τέγους
1279 935 1540 979 discernatur

156 1019 208 1062 ab
238 1019 390 1071 altero,
430 1020 503 1075 qui
531 1020 652 1063 humi
682 1020 789 1070 stet,
826 1032 848 1062 e
877 1031 918 1061 ιι.
952 1018 1062 1061 1487
1096 1018 1293 1073 colligere
1333 1016 1538 1060 debebant

155 1113 195 1143 u.
230 1101 341 1143 1502
376 1100 430 1144 ad
467 1100 699 1144 Xanthiam
736 1100 1017 1156 pronuntiari,
1068 1100 1141 1154 qui
1178 1099 1377 1154 sequente
1413 1110 1539 1141 uersu

155 1181 418 1238 respondisse
449 1182 753 1225 existimandus
783 1182 906 1225 esset.
947 1182 1073 1236 atque
1102 1181 1201 1223 huic
1226 1180 1540 1224 ratiocinationi

156 1262 256 1305 libri
295 1263 479 1318 optimae
520 1264 644 1306 notae
694 1263 914 1306 Rauennas
960 1263 1002 1305 et
1040 1262 1227 1305 Venetus
1274 1261 1539 1317 respondent,

158 1343 230 1399 qui
255 1356 295 1386 u.
331 1344 443 1387 1503
473 1356 625 1388 nomen
655 1344 865 1387 Xanthiae
891 1343 1139 1404 praefigunt.
1190 1342 1378 1386 similem
1407 1342 1539 1385 ratio-

156 1437 254 1467 nem
293 1425 433 1481 Bergk
479 1426 524 1468 in
564 1425 663 1469 edit.
705 1439 743 1468 a.
775 1426 885 1468 1867
925 1425 1166 1468 adhibuisse
1203 1425 1392 1476 uidetur,
1444 1437 1541 1467 cum

156 1518 225 1549 uu.
259 1506 369 1549 1495
397 1519 458 1561 sq.
498 1508 541 1550 et
578 1520 648 1550 uu.
691 1507 993 1549 1499—1501
1038 1506 1249 1550 Xanthiae
1286 1506 1539 1562 adsignaret.

158 1586 230 1630 sed
260 1587 490 1630 hocmodo
529 1600 800 1643 personarum
843 1587 1085 1631 distributio
1115 1586 1169 1630 ad
1196 1599 1266 1630 uu.
1299 1587 1540 1630 1487—89

159 1668 408 1719 rectissime,
439 1667 492 1711 ad
521 1668 775 1711 sententiam
805 1669 1068 1724 singulorum
1087 1680 1287 1711 uersuum
1313 1667 1419 1711 falso
1442 1680 1541 1711 eon-

157 1749 310 1793 stituta
340 1761 431 1792 esse
450 1749 630 1792 uidetur.
674 1761 808 1804 neque
829 1749 942 1792 enim
970 1762 1039 1791 uu.
1060 1749 1170 1792 1495
1194 1762 1255 1804 sq.
1277 1749 1347 1792 uel
1366 1761 1407 1791 u.
1429 1750 1540 1792 1503

157 1830 233 1873 alii
261 1830 455 1885 cuiquam
493 1830 624 1874 tribui
652 1831 829 1886 possunt
866 1830 951 1873 nisi
981 1830 1234 1886 Strepsiadi,
1276 1831 1349 1887 qui
1378 1831 1447 1875 his
1477 1844 1539 1885 ea,

158 1924 263 1967 quae
292 1911 402 1967 apud
431 1912 571 1966 ipsum
602 1911 816 1955 Socratem
845 1912 1034 1954 audierat
1064 1912 1194 1969 (1496
1223 1912 1273 1955 cf.
1305 1926 1401 1956 cum
1432 1915 1538 1964 320;

99 1983 101 1985 ¹
161 1993 272 2035 1503
298 1992 348 2035 cf.
381 2005 476 2035 cum
508 1994 623 2050 225),
649 1994 784 2036 facete
812 1993 977 2036 illudat.
1038 2007 1116 2037 nec
1137 1994 1348 2038 Xanthiae
1376 1995 1466 2038 ulla
1495 1996 1541 2038 in

158 2076 301 2117 nostra
331 2074 501 2130 quidem
527 2074 667 2117 fabula
697 2087 793 2118 cum
823 2074 991 2118 Socrate
1021 2075 1274 2118 consuetudo
1304 2076 1540 2119 intercedit.

159 2168 263 2210 quae
301 2169 396 2199 cum
435 2157 497 2199 ita
541 2157 645 2207 sint,
690 2158 1044 2213 uituperationem
1082 2159 1155 2200 uix
1198 2158 1379 2213 effugere
1418 2171 1541 2214 posse

158 2237 327 2280 uideris.
388 2250 488 2280 nam
525 2238 563 2280 si
609 2238 686 2281 hos
725 2251 872 2282 uersus
911 2240 1043 2297 (1495
1073 2252 1133 2295 sq.
1166 2240 1294 2296 1503)
1331 2240 1540 2283 Xanthiae

158 2318 340 2371 tribuas,
395 2318 595 2375 deprauas
637 2320 912 2373 sententiam,
957 2334 1061 2378 quae
1106 2321 1334 2377 efflagitat,
1377 2324 1427 2365 ut
1466 2322 1540 2365 uni

160 2399 392 2456 Strepsiadi
411 2401 710 2456 adiungantur,
728 2403 766 2444 si
780 2402 1024 2458 Strepsiadi,
1040 2404 1271 2459 repugnant
1288 2416 1356 2446 uu.
1370 2404 1538 2446 1487—
1627 2396 1632 2400 ’

160 2480 228 2534 89,
252 2482 325 2539 qui
339 2483 516 2539 poscunt
535 2482 584 2525 ut
604 2482 814 2526 Xanthiae
833 2484 1082 2527 tribuantur.
1125 2485 1324 2544 Cattamen
1343 2497 1412 2529 uu.
1428 2486 1540 2530 1500

160 2574 221 2616 sq.
262 2563 472 2606 Xanthiae
514 2563 762 2620 adsignandi
801 2565 927 2607 sunt'.
988 2578 1098 2607 sane.
1160 2565 1232 2608 sed
1271 2566 1334 2609 ita
1376 2580 1540 2623 quoque

159 2643 243 2699 ipsi
277 2646 529 2689 sententiam
558 2646 746 2689 nostram
775 2646 986 2690 adiuuant.
1046 2659 1144 2690 nam
1175 2660 1283 2700 cum,
1315 2648 1353 2692 si
1381 2662 1465 2706 per
1490 2663 1540 2694 se

161 2723 238 2767 hos
266 2738 412 2784 uersus
436 2726 690 2779 consideres,
719 2729 915 2783 appareat
945 2740 1014 2771 eos
1045 2741 1127 2771 non
1154 2741 1178 2771 a
1195 2730 1320 2785 poeta
1348 2730 1540 2775 hocloco
