1812 3185
756 212 1047 253 —5—

214 336 373 392 species
401 336 534 390 affert,
565 350 662 382 cum
689 339 811 382 nobis
842 338 1097 381 difficillima
1125 337 1183 380 sit
1214 337 1268 379 ad
1295 349 1592 394 recognoscen-

213 415 314 460 dum
328 449 339 469 ,
369 417 556 472 alterum¹
574 417 824 462 mutationis
854 430 987 474 genus
1016 418 1250 461 accuratius
1282 417 1591 461 consideremus

211 509 260 557 ac
288 499 507 555 praecipue
533 499 618 542 tria
649 499 837 555 exempla
850 531 860 551 ‚
903 511 1007 554 quae
1037 499 1112 541 ifle
1138 511 1237 555 prae
1268 499 1417 542 ceteris
1437 498 1490 557 ¹³)
1525 499 1592 542 his

211 579 295 622 fere
313 580 367 636 14)
396 580 536 623 uerbis
568 580 762 636 exponit:
794 579 848 625 τὰ
878 579 923 626 δὲ
955 580 1224 637 ὁλοσχεροῦς
1254 582 1326 636 τῆς
1356 581 1592 636 διασκευῆς

211 660 391 704 ῑοιαῦτα
429 655 539 704 c'ivm
566 659 803 716 τετύχηκεν
820 676 830 686 ·
854 660 1019 706 αὖῖἶκα
1047 661 1173 718 μάλα
1193 662 1245 719 ¹⁶)
1283 660 1308 717 ἧ
1340 662 1591 720 παράβασις

210 741 288 784 τοῦ
306 740 449 798 χοροῦ
469 736 685 798 τ’]’μειπταη
712 739 790 785 καὶ
820 738 932 786 ὅπου
962 741 984 786 ὃ
1013 742 1182 793 δίκαιος
1217 743 1351 800 λόγος
1382 741 1484 799 πρὸς
1514 762 1589 786 του

208 814 367 865 ἄδικον
382 824 517 878 λαλεῖ,
539 818 616 866 καὶ
637 819 684 865 τὸ
695 821 747 878 ¹⁶)
768 825 1010 867 τελευταῖον
1030 818 1141 867 ὅπου
1162 820 1368 877 καιέταιὴ
1391 820 1585 880 διατριβὴ

208 900 475 957 Σωκράτους.
536 913 640 956 quae
671 901 837 957 singuia
868 901 969 956 quid
997 902 1079 945 sibi
1110 903 1244 945 uelint
1272 904 1321 945 ut
1350 903 1584 945 accuratius

205 980 470 1036 percipiatur,
501 982 566 1024 est
596 982 906 1038 exponendum:

546 1176 582 1228 1.
654 1176 721 1228 De
756 1176 987 1245 parabasi
1023 1176 1244 1229 Nubium.

406 1288 447 1332 1.
505 1291 577 1331 De
602 1292 785 1345 propria
813 1291 1030 1345 parabasae'
1065 1262 1378 1332 metecdoseos.

317 1394 457 1448 Atque
498 1393 782 1436 certissimum
824 1394 889 1436 est
929 1393 1134 1436 iudicium
1170 1394 1220 1436 de
1265 1407 1312 1437 eo
1350 1395 1461 1445 loco,
1509 1395 1581 1449 qui

201 1473 367 1529 proprie
404 1473 618 1530 parabasis
655 1474 810 1517 dicitur
857 1474 959 1531 (518
976 1474 1128 1531 -62).
1191 1474 1230 1517 ei
1270 1474 1383 1517 enirn
1419 1486 1578 1525 uersuS,

202 1554 351 1610 quibus
380 1555 506 1610 poeta
534 1554 584 1598 de
612 1555 712 1601 fatis
737 1554 925 1598 aduersis
952 1555 1140 1611 priorum
1174 1554 1363 1598 Nubium
1392 1555 1580 1611 queritur

201 1636 460 1692 (518-26),
498 1636 543 1678 in
572 1636 640 1679 his
671 1636 863 1679 extitisse
892 1648 975 1678 non
1002 1638 1178 1691 possunt
1195 1636 1262 1692 17).
1322 1636 1436 1678 idem
1464 1636 1580 1678 ualet

200 1715 251 1757 de
279 1714 470 1757 uersibus
498 1714 595 1756 inde
626 1727 651 1756 a
678 1715 761 1756 545
792 1714 845 1756 ad
874 1714 971 1756 562.
1014 1715 1087 1769 qui
1116 1727 1212 1757 cum
1240 1718 1330 1757 tam
1361 1715 1451 1756 arto
1483 1719 1577 1756 sen-

198 1795 429 1838 tentiarum
455 1807 563 1837 nexu
593 1794 703 1837 inter
723 1807 767 1837 se
801 1794 1061 1846 cohaereant,
1093 1795 1141 1837 ut
1165 1794 1209 1836 in
1230 1794 1418 1851 singulas
1435 1795 1575 1850 partes

199 1874 376 1918 diuersis
405 1874 664 1931 temporibus
686 1874 940 1930 conscriptas
962 1873 1106 1916 dirimi
1125 1875 1198 1916 uix
1221 1875 1397 1930 possint,
1430 1886 1574 1917 omnes

197 1956 366 2011 propter
380 1955 656 1997 Maricantem
671 1955 856 1998 fabulam
866 1954 1141 2009 Eupolideam
1154 1956 1345 1998 notatam
1354 1956 1456 2011 (553
1466 1957 1574 2010 sqq.)

245 2135 249 2137 ’
303 2129 368 2175 13)
400 2129 472 2167 Hic
499 2137 642 2168 sensus
678 2128 810 2167 uerbis
848 2127 1019 2165 τοιαῦτα
1048 2130 1088 2167 et
1115 2122 1265 2165 αὐτίκα
1293 2125 1399 2177 μάλα
1427 2129 1572 2167 subest.

197 2191 416 2232 Buecheler
442 2192 511 2231 1.1.
543 2202 580 2241 p.
598 2191 700 2239 6853
732 2190 899 2229 Teuffel:
926 2189 1011 2228 Mus
1057 2190 1175 2230 Rhen.
1204 2199 1242 2240 p.
1263 2190 1354 2229 234.

302 2254 368 2302 14)
404 2253 652 2293 Exhibuimus
687 2254 813 2302 prima
854 2247 921 2297 (τὰ
955 2249 999 2290 δὲ
1027 2272 1080 2280 —
1118 2250 1358 2304 τετύχηκεν)
1393 2254 1513 2291 uerba
1549 2262 1572 2290 e

195 2317 422 2357 coniectura
435 2316 622 2355 Dindorni
646 2315 787 2362 (neque
799 2315 900 2353 enim
920 2324 969 2354 ex
987 2316 1183 2355 sententia
1203 2317 1338 2354 nostra
1357 2314 1574 2354 Buecheler

194 2381 223 2419 l.
244 2380 269 2418 Ι.
298 2380 433 2429 ρ.ῦ85
464 2378 707 2428 disputauit)‚
731 2385 830 2424 quae
857 2378 1024 2416 omnium
1051 2378 1207 2416 minime
1235 2387 1257 2415 a
1293 2377 1436 2415 tradito
1467 2375 1573 2415 litte-

194 2452 322 2482 rarum
351 2444 466 2482 ductu
492 2442 654 2482 recedit.

298 2507 364 2554 15)
394 2506 610 2545 Buecheler
636 2514 659 2544 e
687 2504 773 2543 cod.
802 2504 949 2544 Veneto
971 2504 1080 2543 recte
1108 2504 1280 2543 restituit
1309 2503 1375 2542 1.i.
1404 2502 1543 2552 p.685.

299 2569 365 2616 10)
392 2568 633 2608 Fritzschius
660 2562 708 2607 τὸ
724 2569 883 2608 adiecit.

301 2630 367 2679 17)
399 2629 643 2670 Frltzschius
673 2630 702 2669 1.
733 2630 759 2669 1.
787 2631 821 2669 11
854 2640 892 2680 p.
925 2631 973 2679 33
1028 2630 1195 2670 Teuffel:
1232 2629 1327 2669 Mus.
1370 2631 1491 2670 Rheu.
1540 2630 1569 2670 X

193 2704 232 2742 υ.
246 2670 339 2734 28⁰³
340 2702 352 2743 3
380 2693 597 2734 Buecheler
624 2693 694 2732 1.1.
721 2693 852 2743 poso
865 2702 970 2739 sum:
998 2693 1171 2734 Koechiv
1198 2695 1266 2731 i.1.
1299 2703 1332 2729 n.
1353 2694 1442 2728 sm.
