1812 3185
789 216 1076 258 ...48—

806 675 1060 752 Vita

329 882 409 924 Ego
443 881 639 914 Paullus
672 881 802 924 Hugo
837 882 1071 918 Gustauus
1097 882 1319 927 Weyland
1345 889 1446 916 natus
1472 894 1547 916 sum
1571 883 1623 917 Id.

235 952 370 996 Septbr.
397 952 479 985 anni
509 956 598 986 1848
626 952 793 994 Buslare,
825 956 883 998 qui
918 956 1017 989 uicus
1041 953 1303 988 Pommeraniae
1335 963 1405 987 non
1434 954 1555 998 procul
1581 954 1625 987 ab

235 1023 376 1058 Coeslin
401 1023 530 1068 oppido
555 1024 640 1058 situs
667 1031 729 1058 est.
778 1026 970 1060 litterarum
1004 1026 1180 1060 elementis
1213 1036 1274 1071 per
1305 1030 1385 1059 octo
1417 1034 1527 1058 annos
1561 1025 1624 1058 im-

232 1095 338 1128 butus
364 1105 441 1128 sum
465 1095 501 1128 in
526 1096 708 1138 gymnasio
734 1095 1046 1140 Gryphimontano,
1072 1098 1165 1141 quod
1190 1095 1321 1140 campe
1339 1095 1384 1129 V.
1411 1096 1468 1128 111.
1493 1102 1625 1128 rectore

232 1165 412 1208 gloriatur.
468 1165 547 1198 inde
579 1175 696 1198 mense
722 1164 866 1200 Octobri
898 1168 979 1200 anni
1018 1170 1107 1200 1865
1139 1167 1175 1199 in
1207 1166 1467 1199 Berolinensem
1499 1166 1623 1199 acade—

232 1237 336 1269 miam
369 1235 543 1279 profectus
575 1246 669 1277 sum,
705 1242 745 1270 ut
780 1237 994 1281 potissimum
1020 1235 1162 1270 Graecis
1197 1242 1231 1269 et
1263 1235 1399 1269 Latinis
1424 1235 1546 1268 litteris
1570 1245 1623 1268 me

231 1307 350 1340 darem
379 1306 570 1350 Hauptii
596 1306 890 1341 Kirchhofsii
920 1307 1206 1341 Mommsenii
1224 1307 1369 1340 eliorum
1387 1305 1482 1339 fama
1498 1310 1622 1339 motus.

231 1387 347 1410 mense
372 1377 497 1410 deinde
521 1377 637 1421 Aprili
666 1378 747 1410 anni
777 1380 865 1411 1867
893 1377 1205 1421 Gryphiswaldiam
1231 1387 1285 1410 me
1309 1376 1450 1415 contuli,
1479 1376 1537 1409 ubi
1562 1386 1623 1419 per

231 1449 300 1481 duo
337 1448 516 1482 semestris.
546 1447 854 1482 Schoemanni
893 1447 1082 1481 Hoeferi
1122 1447 1395 1481 Buecheleri
1431 1445 1620 1489 Georgii

229 1516 438 1553 Hirsehii
481 1519 646 1553 lectiones
687 1520 875 1562 diligenter¹
911 1519 1041 1552 audiui.
1107 1526 1179 1552 tum
1211 1530 1312 1559 uero,
1347 1525 1529 1563 postquam
1561 1528 1622 1561 per

230 1595 392 1623 semestre
408 1595 542 1633 tempus
560 1600 685 1634 corpus
702 1590 826 1623 leuiter
843 1596 1022 1633 aegrotum
1045 1590 1138 1623 domi
1163 1590 1294 1630 cursui,
1318 1594 1466 1623 exeunte
1489 1593 1620 1622 aestate

231 1662 313 1694 anni
334 1664 424 1694 1868
444 1660 758 1704 Gryphiswaldiam
785 1661 870 1694 redii
894 1661 1009 1694 studia
1034 1661 1232 1694 academica
1257 1660 1477 1694 absoluturus
1501 1665 1535 1693 et
1559 1670 1620 1703 per

229 1742 291 1765 sex
316 1742 449 1765 menses
474 1731 724 1774 subsequentes
749 1731 932 1764 seminario
957 1731 1172 1774 philologieo
1197 1730 1335 1764 interfui
1366 1729 1496 1764 sodalis
1525 1730 1616 1762 ordi-

228 1803 362 1843 narius,
387 1803 580 1845 iterumque
610 1800 913 1835 Schoemsnni
957 1802 1147 1843 Hoeferi
1178 1801 1453 1835 Buecheleri
1479 1800 1617 1834 scholas

227 1873 454 1916 frequentaui.
505 1873 629 1915 quibus
663 1872 745 1904 uiris
777 1873 935 1906 omnibus
972 1873 1102 1915 gratias
1127 1882 1170 1905 ex
1203 1872 1307 1904 animi
1345 1872 1512 1904 sententia
1548 1881 1616 1913 ago

227 1955 330 1987 quam
359 1944 539 1977 maximas.
