1812 3185
739 282 1025 324 —29-

606 483 642 513 a.
681 469 773 511 'De
800 480 875 510 1111.
894 466 1164 509 1105---12.

313 575 397 628 Qui
426 588 522 618 cum
548 574 598 616 de
626 571 843 629 proecdosi
872 572 1100 627 supersint,
1140 572 1185 612 in
1215 583 1296 626 qua
1314 571 1447 627 patris
1480 573 1578 627 post

194 656 507 699 institutionem
547 655 661 697 filius
701 665 863 708 quoque
902 653 946 694 in
973 652 1240 708 disciplinam
1270 652 1577 696 Socraticorum

198 738 316 780 actus
339 749 430 779 esse
445 736 624 788 uidetur,
655 737 767 778 recte
781 734 870 777 VV.
885 734 979 776 DD.
1001 734 1080 777 hoc
1097 735 1248 789 prioris
1270 736 1312 778 613
1331 735 1576 790 posterioris

196 818 360 862 fabulae
376 818 601 860 discrimen
616 817 746 859 fuisse
762 815 1062 866 iudicauerunt,
1086 816 1194 870 quod
1210 817 1255 858 in
1276 816 1413 871 priore
1434 817 1575 859 fabula

196 900 286 956 ipse
334 900 524 943 Socrates
570 897 891 953 Pheidippidem
936 897 1166 940 docendum
1212 898 1483 954 suscepisset,
1530 899 1575 941 in

195 982 424 1036 posteriore
445 994 541 1024 eum
562 994 611 1023 ex
632 981 721 1023 illis
748 979 983 1022 oratoribus
1003 980 1146 1021 utrum
1173 979 1304 1022 uellet
1320 980 1574 1034 magistmm

196 1061 278 1105 sibi
318 1062 472 1117 eligere
512 1063 672 1105 iuberet
701 1060 816 1118 (886.
848 1059 932 1101 938
959 1062 1078 1116 sqq.).
1139 1060 1212 1101 sed
1249 1073 1407 1103 errasse
1435 1061 1574 1104 Fritz-

197 1143 360 1185 schium
382 1144 424 1185 et
445 1142 708 1191 Teuffelium,
740 1154 836 1183 cum
855 1141 922 1183 his
942 1141 1133 1184 uersibus
1155 1142 1285 1199 (1105
1300 1144 1407 1199 sqq.)
1431 1156 1472 1185 11.
1490 1143 1572 1185 881

198 1225 415 1280 exceptum
448 1237 538 1267 esse
568 1223 800 1266 iudicarent
814 1224 892 1280 ⁷⁹),
930 1223 1159 1266 Buecheler
1175 1224 1231 1280 ⁸⁰)
1258 1223 1576 1275 demonstrauit,

161 1326 164 1328 ·
197 1307 270 1360 qui
309 1319 482 1348 examen
518 1304 807 1360 Pheidippidis
845 1317 869 1346 a
909 1305 1076 1347 Socrate
1115 1305 1362 1348 institutum
1404 1319 1444 1347 u.
1467 1307 1576 1348 1105

196 1387 474 1430 antecessisse
494 1387 766 1443 probabiliter
787 1387 977 1429 coniecit.
1019 1387 1115 1430 inde
1147 1387 1276 1430 etiam
1297 1386 1455 1429 factum
1473 1400 1576 1438 esse,

196 1471 243 1512 ut
291 1469 481 1513 Socrates
528 1470 901 1526 interrogationem
946 1469 1065 1512 illam
1108 1483 1147 1512 u.
1187 1470 1296 1511 1105
1337 1482 1396 1523 sq.
1438 1470 1577 1525 prolo-

197 1552 403 1606 queretur.

609 1735 647 1776 b.
709 1735 777 1776 De
809 1735 993 1776 un.783
1020 1763 1034 1765 ν-
1068 1735 1176 1776 889.

311 1838 457 1892 Itaque
489 1850 584 1879 cum
622 1839 665 1879 in
689 1839 825 1892 priore
864 1838 1004 1880 fabula
1036 1839 1226 1880 Socrates
1259 1839 1578 1894 Pheidippidem

196 1920 386 1963 docuisse
425 1919 639 1970 uideatur,
681 1919 863 1962 dubitari
891 1920 1051 1974 potest,
1093 1932 1195 1961 num
1227 1932 1352 1963 unus
1387 1921 1578 1964 Socrates

199 2014 296 2044 eum
336 2001 583 2043 instituerit.
653 2014 751 2042 nam
798 2000 1057 2055 Strepsiades
1103 2001 1147 2042 in
1192 2001 1332 2043 fabula
1371 2003 1514 2044 nostra
1556 2016 1578 2045 6

198 2082 341 2125 schola
377 2082 588 2125 Socratica
631 2083 830 2138 exigitur,
881 2081 1011 2137 quod,
1050 2094 1154 2136 quae
1192 2082 1317 2125 modo
1352 2085 1581 2126 memoriae

198 2162 426 2214 imbiberit,
460 2176 507 2206 ea
537 2164 677 2218 paullo
708 2166 805 2219 post
837 2164 1123 2217 obliuiscatu1·.
1185 2164 1257 2206 sed
1278 2164 1438 2206 Teuffel
1468 2166 1580 2207 recte

198 2243 417 2286 adnotauit
436 2245 491 2300 ⁸¹)
523 2257 616 2286 eam
647 2257 837 2295 causam,
874 2245 1043 2299 propter
1074 2257 1200 2298 quam
1237 2245 1427 2287 Socrates
1458 2259 1481 2287 a
1513 2259 1579 2287 se-

199 2326 266 2369 nis
294 2324 563 2368 institutione
593 2325 773 2377 recedat,
812 2338 908 2368 cum
935 2326 1075 2369 indole
1105 2326 1370 2382 Strepsiadis,
1402 2339 1528 2381 quam
1557 2340 1579 2368 e

201 2407 338 2449 cetera
366 2406 507 2449 fabula
537 2405 837 2462 intellegimus,
868 2407 1044 2449 minime
1076 2393 1311 2461 congruere.
1353 2420 1450 2450 nam
1482 2408 1580 2462 quia

201 2487 460 2543 Strepsiades
494 2488 635 2544 paullo
675 2488 771 2531 ante
810 2488 999 2545 egregias
1038 2488 1173 2530 seueri
1206 2488 1402 2545 magistri
1436 2489 1580 2533 laudes

304 2664 370 2709 79)
399 2663 636 2701 Fritzschius
666 2663 688 2700 l.
709 2664 731 2700 1.
767 2664 779 2700 1
808 2673 844 2711 p.
864 2665 932 2710 143
961 2664 1126 2703 Teuffel:
1157 2664 1293 2703 Phssol.
1316 2673 1354 2712 p.
1372 2665 1459 2702 342.

305 2726 371 2771 80)
399 2726 466 2764 1.1.
498 2735 533 2774 p.
546 2726 635 2763 672.

304 2791 372 2834 81)
400 2789 440 2827 ln
469 2789 559 2828 edit.
588 2789 678 2827 Nub.
709 2789 755 2826 ad
786 2789 923 2826 u.785.
