1812 3185
785 210 1069 254 ...7-

237 336 430 384 Nubibus
461 338 643 394 explosis
658 339 697 386 si
726 338 897 395 poetam
915 337 969 380 ad
989 349 1038 380 ea
1058 335 1354 379 conscribenda
1374 337 1612 392 permotum

235 428 326 461 esse
365 417 597 472 existimes,
630 419 782 475 quibus
818 416 1126 473 spectatoribus
1163 416 1344 459 uirtntes
1378 416 1615 459 fabularum

235 497 493 551 ostenderet,
523 512 607 543 non
635 511 800 543 scurrae
820 498 894 542 aut
917 497 1094 553 gloriosi
1123 497 1198 541 sed
1227 497 1456 541 defensoris
1487 497 1614 552 atque

232 579 399 635 patroni
437 580 575 623 officio
616 579 736 637 fungi
772 579 855 622 tibi
883 577 1107 622 uidebitur.
1169 591 1296 635 quam
1324 580 1377 623 ob
1406 591 1497 621 rem
1529 589 1613 620 non

230 658 516 705 dubitabimus
546 661 787 717 opinionem
817 660 861 703 et
888 659 1081 702 ueterum
1114 661 1158 703 et
1182 660 1463 703 recentiorum
1492 658 1611 701 criti-

211 751 375 785 seorum
403 741 693 798 comprobare,
739 743 813 798 qui
841 742 931 785 eius
971 754 1099 797 quam
1124 741 1249 784 hodie
1277 741 1459 801 legimus
1488 752 1609 795 para-

227 820 375 865 baseos
425 836 477 868 ne
504 823 680 867 uerbum
714 823 885 879 quidem
912 824 958 868 in
988 822 1205 880 proeodosi
1241 823 1429 879 positum
1473 823 1604 866 fuisse

227 904 474 948 censuerunt
488 905 560 963 ²²).

424 1072 474 1118 2.
536 1076 815 1132 Ile-propria
840 1078 1060 1132 parabasi
1080 1077 1389 1132 proecdoseos.

335 1180 427 1223 Iam
457 1192 556 1223 uero
578 1179 810 1235 quamtus,
849 1179 950 1235 quid
978 1180 1239 1236 exploratum
1267 1179 1327 1222 sit
1357 1177 1407 1221 de
1435 1178 1602 1234 propria

220 1259 415 1316 parebasi
433 1260 586 1316 prioris
613 1260 790 1303 fabulae.
850 1272 900 1303 ae
919 1261 1104 1303 metrum
1126 1259 1409 1316 Eupolideum
1431 1260 1476 1301 in
1503 1272 1551 1302 ea
1577 1272 1603 1302 a

219 1339 344 1395 poeta
363 1340 602 1385 adhibitum
622 1353 713 1385 esse
733 1337 961 1384 scholiasta
980 1341 1034 1384 ad
1054 1340 1163 1385 Nub.
1186 1341 1271 1384 520
1290 1341 1429 1397 negat.
1469 1353 1602 1396 neque

221 1421 449 1477 quidquam
478 1423 631 1475 obstat,
663 1424 887 1478 quominus
915 1436 999 1466 una
1018 1436 1115 1467 cum
1135 1423 1380 1479 argumento
1402 1423 1599 1466 carminis

216 1620 439 1675 sententiae
474 1621 685 1668 sequentes
721 1631 861 1660 nersns
895 1621 1122 1676 (739—69)
1159 1630 1235 1661 non
1271 1621 1443 1661 obstant.
1509 1629 1595 1659 nam

216 1691 302 1721 cum
330 1692 392 1728 ea,
425 1692 523 1730 quae
540 1684 620 1721 ssus
648 1685 906 1729 continentur,
937 1685 1207 1723 econdlcione
1232 1686 1428 1733 pendeant
1454 1685 1596 1734 poetae

215 1746 292 1795 ips!
317 1747 403 1786 rere
424 1738 761 1796 improbata'ffl’ao
788 1746 840 1785 cr.
868 1746 1024 1794 c.734),
1060 1748 1185 1785 omnis
1213 1746 1299 1785 lans
1326 1747 1477 1787 morum
1508 1757 1595 1787 ner-

214 1817 325 1847 sunm
352 1809 471 1861 raone
498 1810 714 1848 euanescit.
768 1818 868 1856 quae
894 1818 988 1848 uero
1016 1811 1054 1848 ln
1074 1809 1249 1848 omnibns
1277 1811 1423 1849 ceteris
1451 1811 1593 1850 rabulis

213 1870 300 1909 elus
328 1870 464 1909 landes
491 1871 749 1912 inueniuntur,
786 1873 845 1910 eis
873 1881 948 1910 nna
980 1871 1159 1910 defensio
1188 1871 1361 1910 auctoris
1389 1872 1438 1909 ab
1465 1873 1592 1910 inimi-

213 1934 274 1972 cis
308 1933 453 1973 iniuste
485 1934 596 1984 petiti
635 1934 827 1974 efficitur:
877 1936 969 1974 Ach.
999 1936 1193 1974 633-58
1235 1937 1285 1975 ct.
1321 1945 1355 1975 c.
1386 1936 1463 1975 630
1490 1945 1591 1984 sqq;

212 1996 338 2044 Eqnlt.
386 1997 475 2035 515.
517 1997 595 2034 545
639 1997 691 2035 cr.
729 2006 766 2036 c.
795 1998 873 2036 512
909 2006 992 2046 sqq.
1045 2000 1085 2037 et
1126 2008 1210 2037 cnm
1252 2000 1336 2037 his:
1392 1988 1460 2037 διὸ
1521 1996 1591 2037 καὶ

214 2056 432 2099 ἔσκωπτον
467 2053 601 2098 αὐτὸν
637 2053 952 2109 Ἀριστώνυμός
983 2073 1025 2098 τε
1058 2056 1128 2099 καὶ
1159 2055 1398 2111 Ἀμειψίας,
1429 2060 1591 2112 τετράδι

212 2116 345 2161 αὐτὸν
390 2120 605 2176 γεγονέναι
659 2119 845 2174 λέγοντες
900 2121 1003 2163 κατὰ
1049 2121 1129 2174 τὴν
1175 2123 1407 2175 παροιμίαν
1453 2121 1590 2173 ἄλλοις

213 2181 429 2226 πονοῦντα
457 2187 580 2233 (uitae
606 2187 777 2236 scriptor
803 2196 827 2226 e
854 2188 943 2226 cod.
967 2188 1113 2227 Veneto
1133 2189 1209 2226 474
1228 2196 1292 2237 ap.
1325 2188 1467 2228 Duebn.
1499 2191 1590 2229 ante

211 2250 350 2289 soboli.
361 2250 452 2298 syn.
467 2250 575 2299 p.28.
591 2250 647 2296 2).
665 2250 754 2289 hnic
769 2250 896 2290 autem
912 2250 1006 2290 testi
1021 2260 1069 2289 eo
1084 2251 1264 2290 libentius
1281 2252 1489 2300 credimus,
1515 2262 1588 2300 qno

209 2314 337 2364 mnus
363 2313 487 2356 nobis·
505 2322 743 2366 persuasum.
773 2314 836 2353 est
880 2323 967 2353 enm
992 2314 1092 2353 haec
1131 2324 1182 2353 ex
1209 2314 1287 2352 nuo
1314 2315 1587 2365 Aristophanis

209 2376 424 2416 fabularum
454 2377 541 2416 loco
560 2378 803 2427 sumpsisse3
836 2377 950 2427 vesp.
985 2377 1175 2423 lonssqq.
1203 2378 1253 2416 cr.
1286 2387 1320 2416 c.
1353 2376 1464 2419 1017.
1496 2389 1588 2428 pro·

209 2439 288 2479 tert
314 2440 417 2479 enim
443 2440 560 2489 poeta
591 2439 665 2479 hos
692 2449 833 2480 uersus
868 2442 970 2491 apud
998 2440 1155 2480 eosdem
1194 2442 1443 2489 spectatores
1474 2443 1586 2481 ciues

210 2501 472 2553 Athenienses
500 2502 726 2551 01000103,
768 2504 832 2551 qni
862 2505 949 2553 ipso
977 2512 1079 2543 anno
1116 2505 1293 2552 proximo
1331 2504 1460 2545 Nubes
1494 2516 1587 2557 pro-

209 2558 388 2604 dffle'rant
416 2565 614 2614 (Richterx
641 2559 818 2616 prolegg.
848 2567 898 2606 ad
925 2568 1040 2616 vesp.
1071 2567 1161 2606 edit.
1193 2568 1295 2607 1858
1322 2578 1358 2619 p.
1379 2569 1465 2618 28).

310 2625 380 2678 22)
408 2628 500 2679 hyp.
530 2629 590 2669 Vl.
618 2629 734 2681 Nnb,;
760 2629 885 2669 schol.
904 2629 1000 2669 Nub.
1021 2629 1122 2679 5²⁰3
1148 2630 1318 2672 Teuffel:
1344 2631 1442 2672 Mus.
1463 2632 1583 2672 Rhen.

208 2692 240 2733 X
266 2701 304 2743 p.
322 2691 415 2732 22⁹.
