1812 3185
639 259 925 304 —43-

96 387 266 446 quidem
308 388 492 433 maxime
535 400 638 446 opus
682 389 772 441 est,
819 387 970 431 deletis
1010 399 1115 444 quae
1158 385 1334 430 delenda
1375 386 1473 430 sunt

93 471 274 515 libenter
294 469 541 513 carebimus.
577 471 828 526 quapropter
848 482 947 513 cum
964 470 1011 512 in
1029 469 1098 512 his
1116 468 1321 520 uersibus,
1343 468 1382 510 si
1400 480 1472 511 eos

95 564 170 609 per
188 562 234 594 se
261 549 509 602 consideres,
539 550 650 593 nihil
668 550 786 602 insit,
814 549 926 607 quod
944 549 1226 606 Aristophane
1250 548 1471 605 indignum

94 631 186 676 esse
211 629 466 682 iudicemus,
505 630 870 674 uerisimillimum
897 631 981 683 est,
1016 630 1215 686 utrasque
1250 630 1395 674 Nubes
1423 632 1473 674 ut

95 712 192 756 aliis
230 712 400 755 nostrae
438 710 603 755 fabulae
638 711 745 755 locis
777 711 840 755 sic
878 712 949 755 hic
984 723 1147 767 quoque
1184 711 1340 755 misere
1375 723 1475 755 con-

96 792 325 838 sarcinatas
363 804 466 836 esse.
526 775 679 837 debent
707 793 853 837 autem
883 792 923 836 ei
949 805 1110 846 uersus,
1141 793 1215 849 qui
1234 805 1330 837 cum
1360 792 1476 837 exitu

94 874 339 932 posterioris
370 874 533 918 fabulae
562 875 763 931 pugnant,
805 887 828 918 e
855 875 1073 931 proecdosi
1110 875 1193 917 huc
1219 874 1472 930 peruenisse.

95 954 260 1013 quodsi
278 966 428 1000 uerum
447 955 524 1009 est,
542 955 644 1000 haec
662 954 843 1000 frustula
856 955 910 999 ad
928 955 1058 1000 finem
1076 954 1264 1012 priorum
1283 954 1472 999 Nubium

94 1037 317 1093 pertinent,
347 1037 393 1080 in
422 1049 504 1092 qua
526 1037 608 1080 hoc
635 1037 762 1080 modo
780 1037 1041 1093 Strepsiades
1060 1037 1333 1093 philosophos
1352 1037 1472 1079 uide-

94 1119 164 1161 tur
193 1130 285 1162 esse
312 1118 441 1161 ultus.

210 1199 438 1254 Reliquum
457 1200 535 1251 est,
548 1200 598 1242 ut
615 1200 810 1242 ueterum
828 1200 1048 1243 auctorum
1067 1199 1196 1251 locos,
1212 1199 1285 1254 qui
1304 1198 1474 1254 quidem

95 1294 118 1325 e
156 1279 366 1338 prioribus
404 1279 597 1325 Nubibus
636 1280 860 1324 laudentur
896 1281 940 1324 et
978 1279 1032 1324 ad
1069 1279 1198 1324 finem
1236 1279 1475 1325 comoediae

94 1362 334 1418 respiciant,
359 1361 548 1417 opinioni
575 1362 743 1405 nostrae
772 1373 856 1405 non
874 1373 1105 1418 repugnare
1126 1362 1473 1405 demonstremus.

95 1443 205 1487 inter
233 1455 338 1499 quos
367 1443 600 1500 principem
628 1443 770 1487 locum
798 1443 916 1487 tenet
933 1443 971 1487 is
1000 1455 1126 1499 quem
1145 1442 1325 1487 Photius
1350 1442 1472 1487 nobis

92 1525 299 1568 seruauit:

357 1606 599 1659 Κεῖσεσξνου
629 1602 773 1664 ὥσπερ
804 1605 938 1661 πηυίω
968 1597 1216 1663 κινουμένω

94 1699 191 1732 cum
220 1688 324 1731 haec
351 1687 544 1746 adderet:
575 1687 761 1733 σκώπτει
791 1685 885 1747 ’γὰρ
924 1686 1024 1739 τοὺς
1063 1685 1154 1744 περὶ
1184 1687 1474 1746 Χαιρεφῶντα

94 1771 153 1819 εἰς
189 1769 398 1826 ξηρότητα
429 1768 506 1814 καὶ
536 1769 792 1820 ἀσθένειαν.
854 1769 927 1824 qui
964 1781 1113 1812 uersus
1143 1769 1181 1811 si
1222 1769 1392 1812 omnino
1428 1770 1473 1813 in

93 1850 302 1906 prioribus
337 1848 530 1892 Nubibus
570 1848 750 1905 scriptus
789 1850 901 1899 erat,
938 1847 992 1891 ad
1031 1848 1191 1892 exitum
1232 1849 1473 1893 comoediae

93 1928 331 1972 referendus
361 1929 438 1971 est.
477 1940 612 1982 neque
638 1929 705 1970 est
733 1940 806 1970 cur
832 1927 1132 1971 dissentiamus
1157 1941 1183 1971 a
1201 1929 1472 1981 Buechelero,

95 2009 168 2064 qui
195 2008 299 2051 haec
337 2008 465 2051 uerba
501 2007 700 2051 aduersus
729 2007 945 2051 Socratem
982 2009 1026 2051 et
1056 2009 1418 2067 Chaerephontem
1448 2023 1474 2053 a

95 2089 333 2145 Strepsiade
375 2089 489 2132 edita
525 2089 656 2132 fuisse
694 2089 911 2132 iudicauit.
973 2102 1054 2145 quo
1094 2091 1352 2147 superiorem
1381 2092 1473 2148 opi-

95 2171 263 2214 nionem
292 2171 465 2227 prodere
493 2183 576 2214 non
607 2171 808 2227 cogimur,
840 2170 950 2227 quod
978 2171 1070 2215 ueri
1098 2172 1164 2215 est
1193 2171 1348 2225 simile,
1376 2173 1473 2229 phi-

94 2253 290 2308 losophos
334 2252 477 2295 audito
529 2252 730 2304 tumultu,
773 2253 847 2307 qui
891 2253 1005 2296 ascia
1049 2253 1221 2296 effectus
1264 2255 1387 2305 esset,
1430 2256 1474 2297 et

94 2333 304 2387 proruisse
332 2332 463 2384 foraS,
497 2333 547 2375 ut
584 2332 756 2376 domum
788 2334 1024 2385 seruarent,
1066 2335 1110 2377 et
1138 2334 1278 2378 uerbis
1307 2334 1473 2378 infestis

96 2411 379 2470 Strepsiadem
407 2412 461 2456 ad
488 2413 565 2455 illa
594 2413 745 2469 egisse.
805 2426 855 2455 ex
883 2413 951 2455 his
986 2413 1159 2469 apparet
1187 2413 1473 2457 metecdoseos

96 2495 256 2539 exitum
292 2496 431 2551 priore
469 2496 606 2539 multo
652 2495 889 2539 breuiorem
925 2507 1028 2538 esse.
1084 2494 1316 2538 cauendum
1354 2495 1469 2539 enim

96 2577 185 2618 erat
242 2576 538 2631 Aristophani,
594 2589 646 2618 ne
698 2564 834 2630 primo
878 2575 1027 2617 statim
1075 2575 1238 2630 impetu
1282 2575 1470 2619 inimicis

95 2654 410 2700 tabernaculum
430 2655 671 2712 philosophi
690 2654 912 2707 traderent,
935 2654 1008 2710 qui
1027 2654 1163 2698 multo
1183 2655 1344 2699 maiore
1372 2656 1472 2699 boni

96 2746 309 2779 successus
341 2750 412 2792 spe
440 2736 608 2779 domum
641 2735 685 2778 in
713 2736 850 2791 priore
878 2735 1019 2778 fabula
1048 2735 1265 2779 defendere
1279 2737 1474 2792 poterant
