1812 3185
842 227 1130 270 m36„

414 352 565 395 Restat
593 353 664 403 ut,
713 353 857 408 quales
896 353 981 396 fere
1023 354 1255 396 sententias
1293 354 1338 396 in
1365 352 1584 409 proecdosi
1612 364 1688 409 pro

301 433 378 476 illo
417 434 629 476 oratorum
668 433 806 489 iurgio
844 434 1006 489 positas
1041 433 1171 476 fuisse
1209 434 1428 489 putemus,
1476 434 1521 476 in
1559 446 1691 492 unum

303 526 413 557 nunc
441 515 583 558 locum
604 518 899 570 congeramus:
936 516 1034 571 post
1055 515 1220 558 scholas
1256 515 1389 571 igitur
1419 514 1691 571 philosophas

306 596 538 639 feliciter
576 596 718 639 finitas
748 595 1009 652 Strepsiades
1040 596 1117 639 sub
1146 595 1340 646 laudibus
1371 596 1488 638 chori
1519 595 1692 639 domum

307 678 518 729 abscedit,
556 678 630 720 ubi
659 677 769 733 apud
805 677 943 720 filium
974 690 1040 719 res
1070 677 1195 721 modo
1226 678 1442 733 perceptas
1478 676 1693 733 profundit

306 759 546 816 (820-38,
578 758 811 815 847-53).
873 759 946 802 sed
986 772 1081 802 cum
1120 759 1212 815 ipso
1251 760 1331 802 hoc
1358 758 1528 815 negotio
1557 757 1694 801 multa

306 840 574 894 maximeque
607 840 704 890 illa,
745 840 896 894 quibus
939 840 1165 883 creditores
1198 840 1395 894 pelleret,
1438 840 1620 883 oblitum
1648 846 1717 882 se·

307 920 483 973 sentiat,
523 919 613 963 adit
642 920 986 976 Pheidippidem,
1028 922 1097 972 ut,
1131 921 1202 976 qui
1231 913 1401 977 propter
1429 920 1694 963 iuuentutem

306 1001 481 1044 meliore
519 1002 664 1043 utatur
700 1003 906 1045 memoria
947 1002 1089 1059 (129),
1128 1001 1206 1044 illa
1246 1013 1270 1043 a
1312 1001 1480 1044 Socrate
1517 1000 1694 1056 repetat.

306 1095 471 1125 morem
501 1083 613 1139 gerit
652 1082 765 1125 filius
810 1084 922 1138 patri
969 1097 1051 1127 non
1100 1083 1327 1126 admodum
1372 1067 1553 1133 inuitus,
1600 1094 1696 1124 cum

306 1165 477 1220 propter
497 1162 709 1206 doctrinas
730 1176 755 1206 a
774 1165 945 1219 parente
967 1164 1176 1220 expositas
1197 1177 1263 1207 res
1292 1176 1374 1207 non
1394 1174 1524 1207 uanas
1552 1174 1576 1204 a
1598 1160 1695 1217 phi-

308 1246 497 1301 losophis
526 1243 639 1287 tradi
664 1244 909 1299 cognouerit
934 1244 1067 1300 (852).
1108 1244 1300 1288 Socrates
1326 1258 1350 1288 a
1375 1242 1615 1300 Strepsiade
1647 1255 1695 1284 ex

309 1326 483 1369 aedibus
529 1326 726 1369 euocatus
742 1359 752 1377 ,
802 1338 898 1368 cum
946 1325 1136 1380 exposita
1173 1339 1282 1370 noua
1324 1326 1529 1370 aduentus
1572 1336 1697 1367 causa

308 1408 479 1463 propter
509 1406 696 1449 nobilem
732 1406 813 1448 filii
851 1407 1034 1461 speciem
1072 1407 1259 1460 dubit-et,
1299 1420 1402 1451 num
1439 1406 1608 1463 ingenio
1644 1403 1697 1446 ad

308 1487 623 1543 philosophiam
650 1488 748 1543 apto
768 1487 913 1530 utatur
931 1488 1033 1545 (868
1056 1491 1155 1545 sq.),
1187 1489 1381 1544 quamuis
1401 1489 1519 1544 patre
1544 1487 1697 1530 bonam

309 1569 391 1611 filii
419 1570 614 1611 naturam
643 1568 841 1611 laudante
881 1569 1117 1627 (877—81)
1148 1571 1292 1613 tamen
1322 1570 1607 1626 cognitionem
1631 1568 1697 1610 in-

311 1650 477 1701 stituit,
518 1662 600 1705 qua
627 1649 717 1705 ipse
747 1650 974 1705 percipiat,
1017 1664 1120 1693 num
1158 1654 1277 1707 pater
1313 1664 1461 1695 uerum
1487 1649 1698 1707 professus

312 1732 382 1774 sit.
443 1730 743 1786 Pheidippides
792 1733 935 1774 autem
980 1732 1062 1774 etsi
1102 1733 1232 1776 bonas
1274 1733 1431 1776 mentis
1475 1731 1698 1774 facultates

310 1812 482 1867 praebet
519 1812 687 1868 (1111),
725 1812 869 1867 aperta
909 1812 1053 1855 tamen
1094 1812 1251 1856 indicia
1280 1813 1517 1857 luxuriosae
1546 1811 1699 1869 prioris

310 1893 426 1935 uitae
458 1891 656 1935 ostendit.
700 1906 826 1948 quam
853 1893 905 1936 ob
934 1907 1025 1937 rem
1056 1894 1246 1937 Socrates
1285 1893 1407 1936 illa-m
1434 1907 1475 1936 u.
1509 1894 1619 1936 1105
1637 1904 1697 1947 sq.

312 1973 686 2028 interrogationem
721 1975 834 2015 recte
864 1975 1028 2017 enarrat
1066 1976 1108 2017 et
1137 1974 1436 2031 Pheidippides
1475 1974 1700 2030 postquam

313 2055 401 2097 suis
441 2054 574 2097 oculis
609 2067 676 2097 res
715 2055 1061 2112 philosophorum
1091 2057 1294 2114 inspexit,
1337 2068 1480 2099 rursus
1518 2055 1698 2108 ueretur,

312 2149 363 2179 ne
394 2136 528 2191 ipsius
554 2148 685 2191 genae
716 2149 813 2179 mox
837 2139 1167 2182 umbraticorum
1188 2138 1409 2182 hominum
1430 2138 1613 2181 colorem
1632 2149 1699 2180 re·
1753 2167 1755 2169 -

312 2218 448 2260 ferant
477 2218 639 2273 (1112).
680 2218 725 2259 in
746 2220 885 2262 cetera
914 2232 1087 2263 scaenae
1118 2220 1410 2274 subsequentis
1438 2219 1700 2274 expositione

312 2297 365 2341 ad
380 2297 687 2341 Buechelerum
705 2299 760 2356 ⁸⁶)
781 2299 1031 2343 accedimus.
1066 2301 1251 2356 quicum
1270 2300 1384 2343 recte
1405 2312 1573 2344 carmen
1592 2299 1700 2343 illud

314 2380 452 2432 chori,
485 2378 595 2435 quod
634 2379 920 2436 Strepsiadem
959 2382 1131 2426 domum
1161 2381 1404 2430 redeuntem
1435 2380 1699 2437 sequebatur,

313 2461 536 2517 parabasin
574 2462 705 2505 fuisse
741 2464 986 2515 coniecerit,
1035 2476 1104 2506 uu.
1146 2464 1231 2506 510
1261 2475 1322 2518 sq.
1362 2465 1459 2520 (τῆς
1496 2462 1700 2520 ἀνδρείας

314 2540 462 2587 εἵνεκα
486 2543 661 2600 ταύτης)
683 2544 735 2586 ad
758 2557 850 2587 eam
873 2556 999 2599 quam
1021 2557 1145 2587 senex
1164 2557 1214 2587 re
1236 2557 1354 2588 uera
1375 2545 1480 2588 satis
1500 2556 1699 2601 magnam

311 2623 518 2665 uirtutem
547 2623 592 2665 in
621 2623 890 2667 institutione
916 2625 1163 2680 praebuerat
1195 2626 1395 2679 spectant.

414 2716 482 2764 ee)
512 2716 536 2755 1.
566 2716 590 2755 ι.
619 2725 656 2766 p.
675 2716 764 2755 6⁷5.
