1812 3185
715 252 1006 297 —18-

174 382 288 425 certo
308 379 390 423 hoc
407 379 575 435 poterat
594 379 844 436 cognouisse
863 379 949 423 nisi
966 380 1154 436 perlecta
1172 380 1383 436 utraque
1407 377 1561 423 fabula.

176 462 216 505 si
226 472 327 504 uero
338 460 588 517 perlegerat,
596 460 707 503 nulli
719 472 906 516 unquam
919 459 1175 505 dubitationi
1186 459 1328 504 locum
1341 458 1565 503 concedere

176 542 357 598 poterat.
417 553 545 596 quam
574 541 627 585 ob
655 554 747 585 rem
774 554 904 586 unam
932 542 1100 593 tantum
1126 542 1201 585 aut
1224 539 1472 598 proecdosin
1492 540 1568 582 aut

179 623 442 668 metecdosin
454 622 728 666 Eratostheni
744 623 913 680 praesto
941 623 1072 667 fuisse
1093 635 1142 667 ex
1161 623 1241 666 hac
1268 621 1395 666 dubia
1419 618 1570 664 iudicii

181 706 318 749 forma
335 703 594 760 colligimus.
652 704 797 759 itaque
826 716 924 748 cum
953 704 1100 748 eadem
1126 702 1456 753 uerisimilitate‚
1486 711 1570 755 qua

183 799 281 831 eum
304 784 568 829 metecdosin
592 784 749 840 legisse
774 784 1024 840 iudicamus,
1049 784 1297 842 proecdosin
1324 784 1377 828 ab
1407 793 1455 826 eo
1485 791 1571 824 non

182 869 420 925 inspectam
448 865 580 908 fuisse
609 865 910 910 concludimus.
970 866 1097 922 atque
1122 866 1323 909 similiter
1352 862 1570 908 senserunt

183 948 445 993 Fritzschius
485 947 529 990 et
563 946 703 1004 Enger
720 948 790 1005 ⁶⁴).
850 948 925 991 ille
963 948 1111 1004 postea
1127 947 1184 1004 θ’)
1225 946 1278 990 ab
1307 947 1389 989 hoc
1415 941 1573 987 iudicio

177 1012 374 1081 recessit,
403 1028 528 1080 hunc,
557 1039 655 1071 cum
684 1028 941 1072 sententiam
968 1039 1054 1072 non
1082 1027 1146 1077 ab,
1164 1027 1360 1072 omnibus
1382 1022 1574 1082 partibus

186 1109 467 1160 timuisset,
498 1108 661 1153 Teuffel
677 1110 734 1167 ⁶⁶)
764 1110 881 1162 facili
909 1109 1080 1166 negotio
1110 1109 1316 1152 refutasse
1345 1107 1429 1151 sibi
1455 1105 1575 1148 uisus

188 1191 267 1234 est.
344 1189 418 1245 qui
456 1188 525 1232 uir
568 1201 666 1232 cum
700 1189 747 1232 in
785 1189 982 1247 plurimis
1027 1189 1142 1233 recte
1184 1189 1329 1232 contra
1365 1187 1580 1242 Engerum

190 1270 344 1328 egerit,
386 1281 435 1313 eo
474 1270 619 1314 tamen
655 1270 787 1314 falsus
828 1282 920 1314 esse
948 1269 1139 1322 uidetur,
1179 1269 1291 1326 quod
1325 1281 1410 1313 non
1449 1265 1579 1311 intel-

189 1351 296 1395 lexit
314 1363 360 1394 re
374 1363 475 1394 uera
492 1351 817 1396 Eratosthenem
832 1352 1038 1396 subducta
1067 1352 1239 1409 quidem
1264 1351 1428 1396 ratione
1450 1347 1580 1393 Galli-

190 1432 334 1477 machi
358 1444 542 1476 errorem
562 1433 731 1477 reicere.
791 1433 1004 1490 Engerum
1023 1434 1168 1477 autem
1188 1444 1348 1477 errasse
1366 1431 1578 1489 putamus,

191 1513 303 1570 quod
341 1524 426 1556 una
462 1525 514 1556 ex
551 1513 632 1557 hac
669 1526 715 1557 re
755 1515 953 1558 continuo
993 1514 1222 1572 collegerat
1254 1511 1581 1570 grammaticum

191 1594 377 1650 priorem
404 1592 593 1638 fabulam
620 1595 790 1639 omnino
818 1607 903 1639 non
930 1595 1099 1652 legisse.
1143 1596 1275 1640 immo
1310 1595 1392 1638 hoc
1413 1592 1581 1637 tantum

193 1675 369 1731 apparet
396 1674 508 1718 nihil
535 1675 582 1718 in
611 1675 674 1718 eis
703 1675 861 1728 inesse,
899 1688 972 1719 cur
999 1676 1286 1720 necessario
1314 1674 1503 1719 fabulam
1528 1672 1581 1716 ab
1654 1732 1658 1736 ι

194 1755 287 1812 ipso
318 1755 554 1811 inspectam
582 1755 715 1800 fuisse
746 1757 995 1801 statuamus.
1064 1756 1119 1801 ad
1153 1769 1248 1801 eam
1286 1768 1414 1813 quam
1441 1754 1581 1812 Enger

194 1835 292 1879 inde
331 1836 476 1879 hausit
525 1836 767 1893 opinionem
808 1850 854 1880 re
882 1850 983 1881 uera
1027 1837 1287 1894 probandam
1324 1837 1423 1881 aliis
1451 1835 1583 1879 etiam

194 1915 431 1960 rationibus
464 1928 569 1973 opus
605 1919 707 1961 erat.
767 1930 871 1974 quas
901 1918 941 1962 si
967 1930 1022 1962 ne
1048 1930 1126 1962 nos
1154 1918 1327 1975 quidem
1354 1915 1583 1974 protulisse

197 1996 440 2050 uideamur,
480 1997 586 2041 satis
604 1997 854 2042 habebimus
890 1997 1201 2044 demonstrasse
1229 1999 1341 2043 nihil
1367 1999 1415 2043 in
1440 1996 1582 2041 uerbis

197 2077 492 2122 Eratosthenis
521 2077 682 2132 inesse,
725 2078 836 2135 quod
860 2091 959 2123 eum
984 2080 1233 2136 proecdosin
1258 2080 1415 2138 legisse
1441 2078 1584 2136 aperte

199 2157 418 2203 ostendat:
465 2159 554 2204 iam
582 2171 683 2205 uero
713 2159 824 2216 quod
853 2173 951 2206 cum
979 2161 1058 2206 illa
1074 2161 1347 2219 grammatici
1376 2159 1586 2205 sententia

196 2239 288 2296 ipse
315 2239 461 2284 noster
488 2240 607 2285 locus
635 2253 823 2299 pugnare
857 2241 1026 2288 uidetur
1040 2243 1120 2302 ⁶⁷),
1159 2243 1449 2288 concludimus
1482 2241 1586 2285 Era-

202 2547 215 2585 .
255 2547 268 2585 Ι
305 2482 667 2586 54)⁶Frltzschlus=
683 2484 945 2533 Quaestiones
961 2487 1278 2539 Austopnaneae
1296 2497 1333 2539 p.
1347 2488 1441 2538 ¹3⁹3
1458 2487 1589 2537 Enscr

216 2573 228 2585 .
269 2573 281 2585 .
308 2556 347 2597 p.
403 2574 414 2585 .

306 2609 376 2658 55)
404 2608 431 2648 1.
457 2608 483 2648 1.
508 2608 558 2649 1v
585 2618 622 2660 p.
650 2611 687 2650 c.

302 2670 373 2721 56)
400 2671 502 2712 MnS.
530 2673 651 2714 Rhcn.
683 2674 714 2713 x
742 2684 784 2724 p.
801 2674 880 2714 215
907 2684 1012 2726 sqq.;
1039 2675 1156 2717 Jahn.
1184 2677 1323 2717 Annal.
1351 2676 1404 2716 69
1430 2685 1467 2725 p.
1495 2674 1586 2714 550.

302 2733 371 2782 5⁷)
400 2733 459 2775 cr.
485 2743 606 2786 supra
632 2746 668 2787 p.
702 2738 744 2776 11
778 2746 837 2785 sq.
