1812 3185
775 221 1066 265 „46-

344 347 438 391 Iam
487 360 587 391 uero
637 348 676 391 si
724 348 828 392 haec
873 347 957 391 loci
1001 347 1226 404 explicatio
1271 348 1502 405 probabilis
1533 349 1610 401 est,

226 429 401 486 apparet
428 441 499 473 uu.
522 429 724 474 263-75
754 428 991 487 proecdosi‚
1026 441 1097 473 uu.
1118 428 1318 473 291-97
1346 429 1424 473 uni
1451 430 1610 475 metec-

225 510 320 555 dosi
348 510 644 555 adscribendos
680 523 785 555 esse.
846 524 945 556 nam
982 523 1080 555 cum
1115 510 1162 554 in
1199 510 1418 568 proecdosi
1453 511 1609 555 similis

223 594 437 638 sententia
454 594 582 649 atque
601 606 664 646 ea,
695 606 808 650 quae.
829 606 900 637 uu.
922 594 1006 637 296
1037 605 1099 650 sq.
1131 604 1325 650 expressa
1353 592 1431 645 est,
1460 604 1502 635 u.
1524 592 1608 635 268

223 676 368 718 secuta
397 687 489 718 esse
518 673 732 727 uideatur,
762 674 802 717 si
831 674 957 717 aliter
989 674 1211 727 statueres,
1242 673 1387 731 paucis
1404 667 1607 718 'uersibus

221 755 484 812 interpositis
513 755 752 813 (269—92)
774 755 921 799 eadem
948 767 1016 799 res
1031 754 1230 812 languida
1258 755 1481 799 iteratione
1509 767 1607 811 pro-

220 836 410 880 ferretur.
450 836 527 881 sed
552 836 657 880 haec
682 837 933 890 coniectura,
963 848 1069 892 quae
1087 836 1222 880 altera
1242 836 1481 880 coniectura
1498 834 1606 880 fulta

219 917 291 969 sit,
321 918 435 960 recte
464 917 592 961 dubia
619 917 857 974 apparebit3
885 912 1042 960 melius
1067 917 1246 960 tortasse
1270 903 1466 972 placebit,
1485 917 1604 972 post-

221 1011 348 1056 quam
386 999 494 1044 alias
535 1011 699 1057 quoque
743 996 1016 1043 difficultates
1052 998 1097 1042 in
1134 1009 1204 1041 uu.
1240 996 1338 1041 inde
1367 1003 1403 1041 a‘
1427 996 1510 1041 291
1551 996 1604 1041 ad

220 1080 304 1123 297
334 1080 474 1125 inesse
504 1080 901 1124 demonstrauimus.

334 1160 509 1215 Quaerit
546 1161 680 1218 igitur
716 1160 909 1205 Socrates
948 1174 997 1205 ex
1029 1161 1288 1219 Strepsiade‚
1325 1173 1428 1204 num
1454 1172 1603 1205 uocem

215 1243 259 1285 et
297 1241 462 1286 tonitru
501 1241 695 1295 dearum,
745 1254 849 1298 quas
892 1242 1019 1287 modo
1057 1242 1305 1299 planissime
1343 1241 1601 1298 significauit

216 1321 328 1378 (291
362 1323 473 1379 sq.)‚·
512 1321 707 1366 audierit.
767 1322 991 1378 respondet
1027 1335 1153 1366 senex
1189 1324 1233 1366 et
1267 1322 1452 1366 audiisse
1482 1335 1527 1365 se
1557 1323 1600 1365 et

213 1402 398 1447 maxime
432 1403 592 1456 uereri,
622 1416 675 1447 ne
705 1403 808 1460 quid
833 1403 1010 1447 humani
1037 1402 1121 1448 sibi
1149 1402 1312 1447 accidat
1340 1402 1449 1460 (293
1470 1404 1598 1460 sqq.).

216 1496 321 1540 quae
347 1497 446 1529 cum
469 1485 533 1529 ita
563 1485 672 1537 sint,
697 1485 903 1529 miramur
934 1485 1046 1541 quod
1070 1498 1196 1529 senex
1225 1486 1371 1541 paucis
1407 1486 1598 1529 uersibus

213 1565 478 1625 interpositis
523 1565 575 1611 de
629 1565 789 1611 eisdem
831 1566 1076 1611 numinibus
1134 1572 1240 1623 quae
1291 1567 1379 1610 sint
1431 1566 1598 1611 dubitat

212 1647 328 1704 (314
356 1649 467 1705 sq.)‚
507 1648 550 1690 et
579 1647 771 1691 Socrates
807 1648 963 1691 iterum
992 1659 1061 1690 uu.
1093 1648 1312 1690 316—18
1343 1647 1394 1691 de
1439 1648 1500 1691 eis
1529 1660 1596 1691 re-

212 1728 412 1785 spondet3
442 1741 492 1772 ac
513 1728 681 1772 dubitat
702 1728 873 1785 quidem
891 1741 1017 1772 senex
1036 1729 1153 1772 chori
1172 1730 1269 1785 post
1294 1741 1464 1775 carmen
1483 1729 1595 1772 anti—

210 1810 441 1867 stropham,
474 1809 549 1854 ubi
576 1810 761 1854 iterum
790 1809 963 1854 dearum
989 1821 1115 1854 uoces
1144 1809 1321 1853 audiuit.
1356 1810 1425 1854 his
1439 1809 1594 1854 adden-

210 1891 312 1935 dum
332 1892 399 1934 est
415 1891 514 1948 post
539 1890 744 1946 paredum
770 1890 949 1942 finitam,
981 1902 1063 1946 qua
1088 1890 1239 1933 chorus
1264 1890 1310 1933 in
1336 1891 1594 1934 orchestram

209 1972 298 2016 iam
331 1972 546 2028 ingressus
581 1971 665 2023 est,
698 1970 983 2027 Strepsiadem
1013 1981 1166 2026 negare
1195 1970 1313 2014 chori
1340 1982 1539 2027 personas
1568 1983 1594 2014 a

209 2065 256 2095 se
290 2052 404 2094 cerni
448 2052 586 2108 (322)
627 2052 670 2094 et
713 2064 738 2093 a
784 2051 955 2094 Socrate
998 2051 1044 2094 in
1089 2063 1186 2094 eum
1237 2051 1310 2106 qui
1363 2052 1428 2094 est
1471 2050 1589 2108 παρὰ

207 2133 284 2187 τὴν
324 2128 499 2179 εἴσοδον
554 2132 694 2191 (326)
741 2132 882 2176 locum
927 2132 1103 2176 remitti.
1164 2145 1187 2175 e
1232 2132 1383 2188 quibus
1424 2132 1591 2176 conclu-

206 2214 347 2257 dimus
393 2226 463 2257 uu.
501 2214 741 2265 314-22‚
778 2214 853 2259 ubi
890 2214 988 2269 post
1025 2225 1095 2256 uu.
1129 2213 1339 2256 291-97
1381 2213 1588 2270 leguntur,

204 2308 288 2338 non
314 2307 437 2352 posse
457 2295 664 2351 intellegi.
722 2295 920 2339 uidentur
947 2296 1092 2338 autem
1121 2296 1165 2338 et
1192 2295 1277 2351 ipsi
1307 2296 1349 2338 et
1379 2295 1591 2338 coniuncti

204 2388 301 2420 cum
329 2388 398 2420 uu.
431 2377 516 2419 323
526 2403 580 2409 —-
591 2375 646 2419 28
675 2388 807 2420 unum
836 2377 934 2432 post
965 2388 1005 2419 u.
1039 2376 1123 2419 290
1154 2374 1367 2431 quadrare.
1417 2374 1528 2431 quod
1551 2376 1588 2419 si

203 2458 478 2509 concesseris,
521 2470 591 2499 uu.
624 2457 704 2499 291
732 2457 842 2499 -97
887 2457 949 2500 ibi
991 2458 1131 2499 extare
1171 2456 1360 2511 potuisse
1400 2457 1586 2512 negabis.

202 2543 455 2594 quapropter
482 2538 558 2581 uni
586 2536 819 2581 metecdosi
847 2549 918 2581 eos
947 2537 1230 2593 adsignamus.

320 2618 402 2663 Sed
432 2618 483 2662 de
512 2618 580 2661 his
611 2631 776 2675 quoquo
811 2618 937 2662 modo
965 2617 1189 2670 iudicabis,
1224 2618 1269 2661 id
1304 2618 1391 2662 iam
1424 2618 1586 2662 certum

202 2713 292 2743 esse
338 2700 506 2744 uidetur
545 2701 828 2744 coniecturam
871 2700 922 2743 de
961 2700 1195 2756 fragmento
1240 2700 1316 2743 illo
1361 2700 1582 2750 Photiano‚
