1812 3185
757 254 1043 303 -37—

323 384 538 442 Negamus
576 381 708 442 igitur
745 399 904 430 errasse
943 380 1229 443 Koechlyurn‚
1275 379 1372 429 cuni
1409 386 1461 428 ab
1501 387 1591 441 ipso

210 466 448 524 Strepsiade
483 461 808 522 Pheidippidem
856 467 901 509 in
939 468 1077 523 priore
1114 467 1254 510 fabula
1290 466 1463 509 doctum
1502 479 1593 510 esse

209 549 414 592 statueret
431 549 486 605 87)
502 580 512 600 ,
545 559 800 602 quamquam
830 560 902 590 eae
929 560 1099 599 causae,
1129 540 1279 602 quibus
1300 548 1407 590 hanc
1426 549 1592 591 senten-

208 631 317 674 tiam
337 630 383 673 in
404 643 444 686 p.
456 629 541 672 426
565 628 763 680 defendit,
780 641 832 671 ne
855 629 976 672 nobis
998 629 1168 684 quidem
1185 629 1242 686 ⁸⁸)
1263 628 1461 684 probatae
1481 630 1591 672 sunt.

194 712 283 754 sed
315 710 472 762 errauit
509 710 651 765 aperte
679 710 746 752 uir
788 709 948 762 doctus,
995 723 1090 754 cum
1129 711 1174 753 in
1210 709 1427 767 proecdosi
1465 711 1618 754 Phei-·

195 773 425 848 'dippidem
463 804 489 833 a
512 790 682 834 Socrate
722 792 891 834 omnino
931 805 1014 835 non
1052 792 1223 835 doctum
1253 804 1344 834 esse
1374 793 1591 835 statueret.

209 884 291 929 quo
317 872 476 915 factum
504 872 570 914 est
612 871 661 914 ut
698 872 829 915 etiam
856 884 925 915 uu.
962 873 1072 915 1105
1104 885 1207 928 sqq„
1238 873 1311 929 qui
1345 874 1466 917 illam
1496 886 1591 917 sen-

208 954 387 997 tentiam
412 953 682 1010 redarguunt,
724 953 828 996 satis
859 954 1006 1009 cupide
1037 954 1216 1010 principi
1245 955 1410 998 fabulae
1440 955 1592 998 editori

207 1035 403 1079 tribuerit
421 1037 489 1093 ⁸⁹).
522 1035 595 1079 sed
613 1035 798 1078 refutant
813 1035 1027 1090 praeterea
1044 1034 1169 1078 inum
1196 1048 1264 1078 uu.
1290 1036 1589 1089 1187-1212‚

207 1116 254 1158 in
278 1116 427 1170 quibus
448 1116 470 1158 f
473 1116 596 1159 ilius
625 1115 787 1171 patris
818 1115 1022 1171 magister
1050 1114 1273 1158 inducitur.
1315 1118 1392 1160 hos
1421 1117 1591 1171 quidem

207 1209 353 1240 uersus
382 1197 458 1240 uni
482 1196 713 1239 metecdosi
741 1195 874 1238 tribui
893 1208 1120 1285 novosse
1151 1196 1247 1238 inde
1267 1199 1451 1253 apparet,
1483 1198 1593 1265 quod

207 1277 318 1321 nihil
336 1278 398 1321 ibi
417 1277 585 1334 legitur,
615 1289 696 1332 quo
725 1289 750 1319 a
768 1276 987 1332 proecdosi
1007 1275 1272 1330 dissentiant,
1303 1290 1436 1333 neque
1455 1278 1591 1321 Athe-

208 1371 336 1402 naeus
375 1358 656 1414 neglegendus
699 1359 785 1410 est,
827 1358 900 1412 qui
939 1370 1085 1401 uersus
1132 1359 1242 1401 1196
1256 1385 1306 1392 -
1326 1360 1437 1402 1200
1462 1360 1593 1415 priori

209 1439 449 1484 comoediae
474 1439 675 1482 adscribit
693 1440 759 1496 ⁹⁰).
821 1440 962 1482 obstat
993 1439 1183 1496 denique,
1209 1441 1294 1483 nisi
1324 1440 1376 1484 ad
1404 1442 1592 1498 argutias

209 1520 457 1578 confugeris,
487 1520 556 1564 illi
585 1520 774 1576 opinioni
804 1521 935 1564 etiam
962 1533 1003 1564 u.
1025 1521 1148 1564 1467.
1180 1522 1264 1578 qui,
1297 1534 1393 1565 cum
1421 1521 1473 1565 ab
1499 1522 1591 1578 ipso

208 1602 299 1646 uiro
331 1602 453 1646 docto
482 1602 699 1658 proecdosi
737 1601 1031 1658 adiungeretur
1060 1604 1117 1660 (p.
1145 1603 1268 1661 429),
1310 1603 1414 1646 satis
1448 1603 1489 1646 ei
1520 1604 1593 1646 de-

208 1684 441 1727 monstrare
468 1684 612 1727 debuit
641 1697 686 1727 re
718 1696 819 1727 uera
847 1675 1170 1740 Pheidippidem
1196 1685 1241 1727 in
1271 1685 1347 1727 illa
1377 1685 1592 1728 comoedia

210 1765 394 1808 Socratis
409 1743 724 1808 [consuetudine
752 1777 878 1808 usum
907 1765 1048 1808 fuisse.

324 1846 388 1888 De
437 1846 516 1889 1130
554 1858 598 1888 re
639 1859 736 1889 cum
774 1847 879 1889 satis
917 1846 1164 1889 disseruisse
1199 1846 1320 1889 nobis
1358 1846 1589 1898 uideamur,

209 1927 342 1969 restat
369 1927 497 1969 tertia
516 1940 624 1982 pars,
656 1939 782 1981 quam
810 1928 954 1969 auctor
975 1928 1115 1969 sextae
1146 1927 1425 1981 hypotheseos
1457 1927 1590 1971 denuo

210 2008 466 2052 elaboratam
495 2021 586 2052 esse
617 2007 733 2051 dicit.
781 2021 829 2051 ea
859 2021 957 2052 uero
988 2008 1149 2064 agitur:
1507 1998 1513 2003 ’

353 2184 434 2236 111.
505 2184 574 2236 De
606 2184 903 2237 meditator-ii
940 2184 1173 2236 Socratici
1210 2183 1449 2236 incendio.

241 2298 280 2342 1.
354 2300 447 2341 VV.
485 2296 677 2341 1475-
705 2296 779 2341 86
814 2295 1109 2341 1490-98
1145 2294 1440 2340 1502-10
1472 2300 1552 2339 uni

546 2368 787 2410 metecdosi
814 2369 1118 2426 adsignandos
1148 2381 1255 2408 esse.

251 2523 277 2526 w
326 2460 388 2502 Ex
418 2460 479 2503 eis
509 2460 640 2515 igitur
671 2459 743 2515 qui
774 2459 824 2502 de
855 2460 934 2502 hac
964 2466 1112 2502 scaena
1140 2459 1407 2514 scripserunt,
1440 2458 1591 2502 Goett-

314 2567 381 2611 87)
411 2568 436 2604 1.
465 2567 490 2604 1.
519 2568 644 2616 11425
671 2576 754 2615 sqq.

314 2629 385 2674 88)
415 2627 477 2667 Cr.
511 2629 738 2667 Buecheler.
763 2630 788 2667 l.
817 2631 843 2667 1.
874 2640 911 2678 p.
929 2630 1017 2668 683.

315 2691 385 2739 89)
414 2692 611 2731 Rerutautt
638 2692 740 2731 hanc
767 2693 986 2741 opinionem
1016 2692 1229 2733 Buecheler
1254 2702 1291 2743 p.
1308 2693 1396 2731 ⁶75.

318 2754 383 2803 90)
413 2756 553 2794 Athen.
585 2756 630 2794 W
658 2766 697 2804 p.
731 2758 864 2804 171c3
893 2756 947 2794 ct.
977 2755 1232 2794 Fritzschium
1263 2756 1308 2794 lv
1342 2764 1376 2804 p.
1406 2757 1441 2791 7.
1486 2755 1493 2766 ·
