1812 3185
750 271 1039 315 *21-

203 399 347 459 (Vesp.
380 400 452 458 62)
483 401 526 443 et
554 401 617 443 rei
646 400 839 456 publicae
877 400 1144 452 maximeque
1173 397 1294 440 rebus
1334 397 1379 439 in
1415 396 1592 439 Thracia

201 482 397 537 gerendis
426 493 598 537 operam
614 493 769 523 nauare
790 481 1011 536 coepisset,
1042 479 1360 535 Aristophanes,
1391 491 1517 534 quem
1543 470 1591 520 1115

202 565 345 607 uatem
382 562 612 606 certissimi
648 563 827 618 auspicii
866 562 1126 618 praeuidisse
1152 561 1346 617 apparet,
1388 560 1591 614 quantum

202 644 308 687 mali
336 643 411 686 ille
441 642 610 686 ciuitati
638 643 846 686 inlaturus
876 644 1012 695 esset,
1044 644 1237 686 ueterum
1267 641 1587 685 inimicitiarum

204 725 345 778 partes
375 724 544 766 fortiter
572 724 743 779 recepit.

304 880 340 923 ῥ’.
392 878 445 911 De
470 877 561 911 Nub.
589 889 646 911 uu.
664 881 826 912 587—94
859 878 994 911 collatis
1029 890 1104 911 cum
1130 878 1242 911 Thac.
1272 878 1314 911 V.
1344 883 1364 911 3
1394 885 1427 911 et
1451 882 1483 911 6.

260 970 411 1013 Restat
430 971 479 1012 ut
507 972 801 1027 argumentum
829 982 1086 1021 enarremus,
1118 970 1228 1024 quod
1249 970 1330 1012 hoc
1351 970 1587 1025 epirrhema

202 1051 455 1106 suppeditat.
508 1052 706 1106 putamus
742 1054 857 1095 enim
890 1066 957 1095 res
987 1054 1033 1094 in
1064 1054 1143 1094 hoc
1172 1052 1335 1093 cantico
1374 1052 1585 1093 enarratas
1658 1106 1660 1108 q

202 1132 306 1174 bene
322 1143 545 1186 congruere
562 1144 657 1174 cum
672 1132 746 1185 eis,
768 1144 870 1188 quas
885 1131 1151 1188 Thucydides
1169 1131 1219 1173 de
1235 1130 1310 1172 illo
1326 1130 1437 1173 bello
1453 1131 1585 1173 tradi-

203 1212 279 1256 dit.
318 1213 445 1269 negat
465 1224 565 1255 sane
579 1212 661 1255 hoc
673 1212 904 1257 Buecheler
917 1215 996 1270 ⁶³);
1027 1211 1099 1255 sed
1121 1211 1230 1266 quod
1251 1210 1517 1264 desiderauit,
1538 1213 1587 1254 ut

200 1294 481 1336 Athenienses
499 1306 595 1336 eum
615 1307 637 1336 e
652 1294 830 1336 Thracia
842 1307 1036 1337 reuocare
1051 1294 1303 1344 iuberentur,
1315 1292 1360 1335 id
1374 1306 1414 1335 u.
1427 1294 1509 1336 591
1525 1307 1585 1349 sq.

203 1374 460 1425 continetur3
491 1387 590 1418 nam
609 1375 647 1418 si
666 1388 749 1418 non
766 1376 1044 1427 reuocassent,
1077 1376 1138 1418 sic
1159 1375 1209 1418 de
1232 1387 1279 1418 eo
1302 1375 1486 1418 statuere
1503 1388 1587 1418 non

200 1457 406 1511 poterant.
443 1456 553 1510 quod
573 1457 716 1499 autem
733 1457 860 1512 negat
880 1459 977 1499 ante
992 1457 1253 1499 transactum
1269 1456 1439 1511 imperii
1454 1456 1585 1499 delati

201 1550 356 1580 annum
375 1538 590 1579 iussurum
610 1538 718 1580 illud
736 1538 867 1580 fuisse
896 1539 1079 1593 poetam,
1110 1551 1193 1580 non
1213 1538 1325 1579 recte
1352 1537 1505 1579 comici
1534 1537 1585 1579 de

202 1618 354 1661 Cleone
374 1618 578 1661 iudicium
592 1619 852 1675 perspexisse
867 1618 1046 1662 uidetur.
1076 1618 1220 1662 Nubes
1238 1619 1352 1661 enim
1366 1618 1582 1669 timentes,

200 1712 252 1742 ne
270 1712 344 1755 per
360 1699 559 1742 Cleonem
579 1699 860 1743 Athenienses
891 1701 936 1743 in
963 1713 1139 1757 magnas
1161 1700 1425 1743 calamitates
1457 1699 1582 1743 duce-

200 1782 355 1832 rentur,
376 1781 509 1823 iratae
534 1780 663 1831 erant,
682 1780 791 1834 quod
812 1781 1042 1836 imperator
1056 1780 1192 1824 factus
1209 1782 1320 1824 esset
1341 1780 1441 1838 (581
1459 1783 1579 1837 sqq.),

201 1863 243 1905 et
272 1875 418 1917 cupere
446 1861 661 1911 debebant,
690 1862 739 1902 ut
760 1873 887 1915 quam
916 1862 1132 1904 celerrime
1145 1895 1154 1913 ,
1188 1861 1288 1903 dum
1317 1862 1465 1904 liceret
1495 1862 1579 1905 im-

199 1943 381 1999 punitis,
424 1942 537 1984 ciues
576 1954 672 1984 eum
701 1943 956 1985 reuocarent.
1018 1942 1166 1985 deinde
1194 1955 1293 1985 uero
1325 1955 1580 1998 quamquam

200 2023 465 2068 concedimus
495 2037 561 2066 res
591 2023 792 2065 Thracias
820 2036 904 2066 non
933 2023 1063 2066 fnisse
1094 2037 1182 2075 eas,
1219 2024 1269 2066 ut
1301 2025 1413 2067 iuste
1452 2025 1580 2067 Cleon

198 2105 522 2161 repetundarum
540 2105 683 2160 posset
702 2105 900 2156 accusari,
922 2105 1066 2147 tamen
1084 2104 1312 2146 tenendum
1330 2106 1394 2147 est
1412 2106 1582 2160 poetam

199 2186 316 2241 loqui
335 2198 418 2228 non
436 2185 687 2228 historicum
707 2186 833 2240 atque
851 2198 959 2237 eum,
993 2186 1065 2240 qui
1086 2199 1120 2228 0.
1138 2199 1172 2228 0.
1193 2186 1397 2241 Equitum
1431 2186 1580 2229 multis

199 2267 304 2311 locis
326 2266 690 2319 demonstrauerit‚
711 2280 836 2322 quam
856 2267 980 2309 facile
1000 2267 1063 2309 ira
1083 2268 1215 2311 semel
1228 2268 1425 2323 concepta
1440 2268 1493 2310 ad
1512 2280 1578 2310 res

200 2349 330 2392 etiam
350 2349 455 2393 falso
475 2348 699 2392 narrandas
729 2348 1058 2405 progrederetur.
1100 2350 1201 2405 quid
1226 2362 1325 2392 uero
1349 2350 1387 2392 si
1410 2349 1577 2392 Cleonis

199 2430 510 2473 insimulationi
558 2430 628 2473 hic
677 2429 763 2472 fere
806 2442 953 2473 sensus
1004 2431 1159 2474 subsit:
1213 2430 1415 2488 ⁴reuocate
1456 2429 1577 2473 Cleo-

198 2524 296 2554 nem
340 2512 456 2554 omni
505 2512 630 2555 modo
676 2512 778 2554 licet
823 2524 947 2554 causa
991 2512 1082 2554 ueri
1123 2511 1325 2554 dissimili
1375 2511 1577 2556 adiecta'?

197 2581 387 2647 pdtuisse
406 2591 520 2635 enim
531 2592 810 2635 Athenienses
833 2592 1023 2648 quemuis
1043 2592 1340 2648 imperatorem
1360 2605 1408 2635 ex
1430 2594 1578 2649 quauis

298 2767 365 2817 03)
395 2767 419 2806 ι.
452 2768 477 2806 ι.
510 2777 546 2817 p.
577 2767 665 2807 000.
