1812 3185
661 195 948 238 -45-

120 335 262 379 neque.
282 323 458 366 interest
485 323 596 365 inter
632 323 856 378 utrumque
893 323 1145 378 precationis
1181 323 1354 366 modum
1380 323 1495 367 aliud

123 403 363 461 quidquam,
373 403 458 446 nisi
470 403 580 458 quod
593 403 639 445 in
652 404 882 459 posteriore
896 402 987 445 loco
999 402 1156 455 Nubes,
1168 415 1344 459 quarum
1355 404 1497 446 uariae

123 485 242 532 sedes
277 484 538 536 enarrentur,
576 484 735 527 maiore
764 494 861 526 cum
888 483 949 525 ui.
969 485 1130 526 exorari
1156 485 1363 527 uidentur.
1424 484 1497 527 sed

124 579 176 610 ne
205 565 299 621 quis
328 564 374 607 in
404 564 484 608 hoc
511 564 603 608 loco
634 563 737 608 duas
758 563 964 608 editiones
984 565 1231 609 commistas
1256 578 1347 609 esse
1365 567 1498 622 putet,

126 648 169 690 si
192 646 332 688 uarias
361 645 595 696 numinum,
626 657 731 700 quae
756 646 802 687 in
831 647 975 688 nostra
999 646 1141 689 fabula
1169 646 1364 689 inuocata
1390 647 1500 697 sunt,

127 726 434 772 obsecrationes
464 724 517 768 ad
544 725 685 769 uarias
714 726 953 770 comoedias
981 726 1156 779 referas,
1184 739 1268 770 non
1297 726 1400 770 duas
1429 726 1502 770 sed

128 808 325 864 quattuor
359 806 522 851 fabulas
551 807 782 851 metecdosi
801 808 1002 851 confusas
1031 808 1167 851 teneri
1197 808 1398 852 arbitrere
1414 809 1501 865 ¹⁰³).

128 893 260 944 neque
302 874 414 931 uero>
440 888 486 931 in
525 888 684 932 duabus
724 889 814 932 illis
843 890 1152 946 precationibus
1188 890 1503 941 offenderemuS,

129 969 253 1015 modo
283 965 517 1025 appareret,
546 982 627 1025 qua
652 969 702 1013 de
733 983 858 1014 causa
894 971 1085 1014 Socrates
1113 972 1225 1014 intra
1251 971 1321 1014 1111.
1347 971 1432 1013 265
1462 972 1505 1014 et

132 1050 215 1093 269
266 1050 422 1093 iterum
467 1050 519 1093 ad
560 1050 871 1097 inuocationem
914 1051 1085 1094 dearum
1132 1051 1337 1108 ageretur.
1405 1064 1506 1107 qua-

129 1133 299 1187 propter
347 1131 469 1174 nobis
515 1130 686 1186 quidem
739 1132 855 1174 locus
917 1132 1135 1187 corruptus
1188 1144 1279 1175 esse
1328 1132 1508 1175 uidetur.

132 1225 232 1256 nam
250 1212 362 1256 inter
390 1225 459 1255 uu.
472 1212 555 1255 265
578 1214 622 1256 et
640 1213 724 1265 269
746 1213 949 1258 excidisse
967 1226 1137 1256 causam
1154 1213 1407 1265 iudicamus,
1439 1226 1511 1256 cur

133 1293 407 1350 philosophus
424 1293 557 1337 denuo
579 1293 733 1338 deabus
750 1294 1016 1351 supplicaret.
1044 1295 1171 1349 atque
1189 1294 1293 1337 haec
1305 1294 1514 1340 sententia

136 1387 182 1417 eo
205 1374 487 1426 confirmatur,
517 1373 628 1429 quod
653 1374 858 1426 Socrates,
889 1374 964 1429 qui
991 1386 1031 1417 u.
1047 1373 1130 1416 296
1163 1374 1207 1416 in
1230 1373 1513 1430 Strepsiadem

134 1456 302 1511 propter
331 1455 525 1498 scurriles
557 1455 647 1498 eius
675 1454 849 1498 facetias
876 1456 1063 1511 grauiter
1100 1455 1333 1510 inuehitur,
1374 1455 1428 1497 ad
1467 1467 1516 1498 ea

136 1536 248 1580 senis
263 1536 403 1588 uerba,
425 1536 574 1592 quibus
594 1536 717 1580 antea
737 1536 955 1580 silentium
981 1537 1147 1580 sacrum
1165 1535 1338 1593 profana
1356 1536 1518 1579 ratione

137 1619 317 1662 laeserat
347 1618 448 1676 (267
471 1620 564 1676 sq.)‚
594 1631 647 1662 ne
679 1619 906 1662 minimum
935 1618 1106 1674 quidem
1132 1618 1368 1675 respondet.
1414 1630 1519 1673 quae

139 1712 236 1744 cum
262 1701 325 1744 ita
354 1700 462 1753 sint,
499 1702 695 1744 lacunam
732 1700 854 1743 illam
882 1700 962 1743 hac
997 1700 1082 1742 fere
1112 1700 1322 1743 sententia
1351 1699 1519 1755 explen-

140 1782 237 1825 dam
283 1794 373 1824 esse
415 1793 654 1833 censemus,
709 1782 759 1823 ut
801 1780 993 1824 Socrates
1038 1780 1168 1823 etiam
1208 1781 1307 1836 post
1349 1793 1390 1823 11.
1436 1781 1521 1823 268

143 1862 396 1919 discipulum
451 1863 621 1917 propter
675 1873 911 1904 sermonem
964 1861 1146 1917 impium
1204 1861 1522 1917 uituperauerit.

144 1954 243 1985 nam
270 1942 507 1985 timendum
537 1953 641 1993 esse,
671 1953 724 1983 ne
755 1939 901 1984 Nubes
929 1941 1098 1997 propter
1126 1940 1342 1983 irrisiones
1381 1940 1525 1996 Strep-

146 2022 276 2066 SiadiS
308 2023 351 2075 ἐς
388 2021 464 2078 τὴν
503 2022 697 2080 Πάρνηὲἕ
735 2021 1019 2081 ὀργισξτεῖσαι
1061 2023 1251 2079 φροῦδαι
1290 2021 1409 2067 κατὰ
1450 2020 1526 2067 τὸν

147 2103 431 2163 Αυκαβηπόυ
470 2115 613 2146 rursus
641 2102 806 2146 abirent
822 2104 913 2160 1⁰⁴).
968 2102 1048 2145 hac
1084 2102 1135 2145 de
1174 2114 1298 2146 causa
1335 2102 1526 2146 Socrates

145 2184 282 2229 multo
312 2185 527 2228 ardentius
557 2197 684 2240 quam
712 2186 836 2228 antea
864 2184 917 2227 ad
945 2184 1042 2228 deas
1070 2185 1277 2240 precatur,
1309 2185 1358 2227 ut
1386 2184 1527 2227 numi-

148 2278 251 2308 num
279 2266 388 2309 iram
412 2266 590 2309 fortasse
619 2266 846 2309 excitatam
874 2265 1074 2322 placaret.

258 2418 352 2467 103)
380 2418 439 2459 Cf.
462 2427 522 2457 uu.
543 2416 622 2460 264
640 2426 720 2466 sq.;
748 2416 947 2463 269—743
975 2416 1071 2464 4243
1099 2415 1186 2455 62⁷.
1240 2415 1369 2462 itaque
1396 2423 1528 2454 uerum

154 2479 354 2523 iudicasse
384 2482 537 2521 uidetur
563 2482 731 2528 Teuffel,
768 2482 831 2529 qui
858 2480 907 2519 ad
935 2489 973 2517 11.
996 2480 1073 2518 424
1110 2481 1190 2518 sic:
1223 2478 1390 2518 Freillch
1423 2478 1528 2516 kann

154 2548 193 2585 111
214 2548 351 2587 diesen
377 2545 655 2595 Scnoprungen
674 2544 743 2584 der
761 2542 948 2583 wulkiiur
973 2542 1048 2580 und
1076 2542 1147 2582 des
1173 2542 1333 2593 Spottes
1369 2542 1531 2589 strenge

156 2609 413 2659 consequent
436 2612 549 2650 kaum
577 2609 765 2649 erwartet
792 2608 968 2647 werden.

262 2675 355 2723 104)
383 2673 443 2713 Gr.
474 2673 647 2712 Dludorr.
672 2673 698 2711 1.
726 2672 752 2712 1.
781 2671 828 2710 lv
855 2681 896 2720 p.
928 2671 1016 2717 128,
1044 2671 1082 2710 2.
