1812 3185
773 242 1062 283 -26—

224 369 367 424 itaque
406 369 510 411 haec
553 380 663 411 nunc
702 368 921 412 comoedia
958 367 1013 411 ad
1049 366 1222 410 modum
1262 365 1454 412 Electrae
1494 369 1613 412 illius

224 447 344 490 uenit
386 459 587 502 quaerens
601 480 612 499 ‚
654 459 757 490 num
800 446 991 490 futurum
1035 446 1113 499 sit,
1173 447 1223 491 ut
1265 447 1311 490 in
1357 448 1614 503 spectatores

225 540 356 584 aeque
404 528 598 572 cordatos
634 527 795 571 incidat
841 528 967 584 atque
1005 540 1054 571 ea
1073 561 1084 580 ‚
1122 539 1250 584 quam
1282 527 1516 585 principem
1564 539 1614 571 ex

226 610 423 653 omnibus
455 610 564 653 meis
594 609 749 653 fabulis
781 609 1011 653 docendam
1041 610 1185 653 curaui
1214 609 1320 667 (534
1339 610 1434 666 sq.).
1506 609 1613 652 cirro

225 691 369 734 autem
389 690 563 734 fratrem
584 690 808 747 cognoscet
835 690 956 749 (536)
964 690 986 733 '.
1029 690 1117 734 iam
1146 690 1373 746 quaeritur,
1401 703 1474 734 cur
1489 689 1615 747 poeta

223 771 332 815 hanc
368 771 556 815 fabulam
595 783 693 814 cum
731 771 1056 814 Daetalensibus
1087 771 1394 827 consanguinea
1432 770 1613 826 quadam

223 850 433 894 affinitate
472 863 571 907 prae
616 850 767 894 ceteris
814 850 1082 894 coniunctam
1124 862 1216 893 esse
1259 850 1425 894 dixerit.
1485 851 1612 907 atque

225 943 372 975 omnes
402 931 488 974 fere
516 931 607 975 VV.
626 930 721 974 DD.
752 931 1024 974 censuerunt:
1063 929 1175 986 quod
1203 929 1350 975 Nubes
1379 931 1423 974 et
1452 930 1611 975 Daeta-

224 1013 362 1056 lenses
396 1012 540 1056 totae
579 1012 664 1057 sibi
702 1012 844 1056 essent
886 1012 1134 1056 simillimae
1151 1012 1224 1070 ⁷⁸).
1283 1012 1473 1056 totarum
1513 1024 1613 1056 uero

222 1093 461 1138 fabularum
489 1092 818 1137 similitudinem
855 1093 936 1137 hoc
967 1093 1060 1137 loco
1098 1106 1124 1137 a
1151 1094 1277 1150 poeta
1305 1106 1390 1137 non
1418 1093 1613 1150 intellegi

223 1174 321 1218 inde
364 1174 573 1231 sequitur,
625 1173 737 1230 quod
777 1174 922 1230 poeta,
977 1174 1017 1217 si
1069 1174 1201 1218 etiam
1245 1174 1464 1231 proecdosi
1510 1175 1615 1218 haec

223 1255 359 1299 totius
372 1255 539 1298 fabulae
552 1267 650 1298 cum
665 1255 990 1299 Daetalensibus
1006 1255 1244 1299 similitudo
1259 1255 1423 1308 fuisset,
1445 1269 1611 1313 sperare

223 1349 308 1380 non
334 1337 502 1392 poterat
528 1336 792 1379 metecdosin
810 1337 981 1392 propter
999 1336 1138 1392 ipsam
1156 1337 1266 1380 hanc
1285 1337 1613 1381 similitudinem

223 1416 530 1474 spectatoribus
549 1417 717 1474 gratam
736 1415 837 1460 fore.
877 1416 1010 1460 immo
1032 1416 1260 1473 singularis
1281 1417 1486 1473 quaedam
1504 1429 1614 1461 noua

222 1510 319 1555 pars
348 1510 373 1541 a
401 1497 528 1553 poeta
555 1495 700 1539 addita
729 1507 821 1539 esse
848 1495 985 1548 debet,
1016 1496 1135 1540 cuius
1165 1509 1263 1540 cum
1291 1497 1614 1541 Daetalensibus

224 1577 462 1622 similitudo
505 1577 597 1634 ipso
630 1576 768 1634 primo
802 1576 1003 1634 adspectu
1032 1578 1353 1634 cognosceretur
1392 1579 1436 1622 et
1463 1580 1612 1636 poetae

224 1673 344 1717 spem
390 1658 596 1702 uictoriae
647 1658 816 1702 faceret.
883 1670 989 1714 quae
1024 1659 1109 1701 loci
1146 1660 1284 1703 nostri
1319 1659 1612 1716 interpretatio

223 1742 263 1785 si
296 1753 381 1786 non
417 1752 519 1784 uera
550 1739 681 1793 esset,
720 1751 806 1783 non
843 1739 1011 1796 poterat
1048 1739 1219 1783 omnino
1257 1739 1449 1784 dubitare
1477 1740 1611 1799 (535),

224 1836 326 1866 num
355 1823 546 1865 uicturus
577 1822 711 1873 esset,
751 1820 826 1864 sed
854 1832 880 1863 a
905 1820 1113 1876 principio
1143 1820 1296 1873 timere
1324 1821 1522 1875 debebat,
1558 1835 1613 1866 ne

223 1903 481 1962 spectatores
509 1901 773 1947 metecdosin
801 1900 948 1945 eadem
977 1901 1187 1945 sententia
1217 1902 1497 1959 exploderent‚
1529 1916 1611 1960 qua

223 1985 489 2041 exploserant
520 1984 780 2041 proecdosin.
839 1982 1002 2025 accedit
1034 1982 1144 2037 quod
1177 1984 1347 2039 poetam
1360 2017 1370 2036 ‚
1418 1984 1458 2027 si
1502 1997 1613 2028 noua

223 2078 308 2111 non
337 2064 583 2118 addidisset,
612 2065 749 2109 multo
779 2063 975 2108 infestius
996 2076 1123 2120 quam
1150 2064 1196 2108 in
1215 2065 1360 2109 nostra
1389 2066 1433 2110 et
1454 2065 1611 2122 Vespa-

223 2161 319 2191 rum
356 2146 552 2203 par-abasi
589 2145 735 2189 contra
774 2145 1032 2200 spectatores
1069 2145 1336 2189 inuectumm
1362 2145 1493 2189 fuisse
1520 2147 1612 2190 ueri

224 2222 368 2274 simile
397 2228 477 2279 est,
507 2226 660 2283 quippe
690 2227 775 2282 qui,
806 2227 918 2283 quod
946 2228 991 2271 in
1020 2227 1343 2272 Daetalensibus
1365 2227 1488 2271 laude
1517 2227 1611 2283 dig-

226 2477 367 2517 nagam
401 2468 640 2509 sententiam
679 2468 849 2508 subesse
884 2469 1046 2519 putauit.
1102 2470 1201 2510 bene
1238 2468 1351 2509 Koek
1376 2468 1401 2508 1.
1429 2468 1455 2508 Ι.
1482 2470 1610 2519 p.11:

225 2532 293 2573 Ich
322 2532 475 2572 besltze
512 2540 589 2571 von
622 2531 730 2572 Euch
769 2527 885 2582 (παρ’
915 2526 1059 2583 ὖμων)
1098 2534 1164 2573 ein
1205 2532 1442 2583 Unterprand
1485 2532 1609 2574 Eures

224 2596 344 2645 guten
372 2594 679 2636 Geschmackes.

329 2658 401 2708 73)
429 2659 601 2699 Teuffel:
637 2659 743 2698 lehn.
773 2659 912 2700 Annal.
943 2659 995 2699 69
1022 2668 1060 2710 p.
1078 2659 1175 2707 5573
1205 2659 1424 2700 Buecheler
1450 2669 1489 2709 p.
1508 2659 1610 2706 68η

227 2723 374 2763 rectius
405 2723 489 2770 egit
522 2722 702 2770 Koechly
728 2724 883 2772 p.418;
913 2725 964 2762 cr
994 2722 1118 2763 Kock.
1146 2731 1183 2771 p.
1195 2723 1259 2761 3¹.
