1812 3185
825 217 1108 259 „34-

271 354 371 386 nam
399 344 449 386 ut
476 354 546 385 uu.
578 342 663 385 839
676 339 724 374 ——'
739 343 797 385 42
828 343 873 387 et
903 342 989 386 860
1002 369 1041 376 -
1065 342 1123 386 64
1153 342 1198 385 in
1227 342 1438 399 prioribus
1467 341 1665 387 Nubibus

273 437 356 468 non
375 424 507 468 fuisse
521 422 714 480 Koechly
726 424 782 481 ⁸⁶)
799 426 913 468 recte
933 423 1159 476 intellexit,
1179 423 1242 467 ita
1261 424 1359 480 post
1371 435 1442 468 uu.
1461 424 1662 469 80—-120

273 507 439 562 patrem
460 505 654 562 precibus
677 505 907 561 quidquam
936 519 962 549 a
990 505 1080 549 filio
1107 506 1358 563 impetrasse
1378 506 1557 562 cogitari
1581 518 1665 549 non

276 587 431 642 potest.
492 585 530 629 si
544 597 643 629 uero
660 585 769 629 nihil
794 586 1054 643 impetrauit,
1084 585 1377 643 Pheidippidis
1402 585 1480 630 illa
1498 597 1667 630 summa

275 667 508 722 pertinacia
552 667 636 724 (80
667 669 789 724 sqq.)
832 668 875 710 et
912 667 1116 724 procliuis
1152 667 1362 723 posterior
1401 666 1667 711 oboedientia

277 748 350 791 uix
378 748 556 804 possunt
591 748 811 806 coniungi,
851 749 936 792 nisi
964 749 1294 805 Aristophanem
1331 761 1514 793 errorem
1549 760 1666 792 com·-

277 830 449 873 misisse
485 829 700 872 statueris.
760 831 905 873 nostra
935 830 1078 873 autem
1106 829 1346 873 coniectma
1384 829 1588 880 efficitur,
1617 829 1667 872 ut

280 912 372 966 ipsa
417 910 603 954 Socratis
649 910 839 953 doctrina
881 911 1071 966 exposita
1119 910 1234 953 filius
1284 923 1310 953 a
1360 911 1573 966 superiore
1616 910 1667 953 de

278 989 544 1047 philosophis
583 990 779 1047 opinione
815 990 983 1035 recedat
1018 991 1062 1034 et
1097 990 1250 1034 leuiter
1287 992 1456 1036 tantum
1496 1003 1522 1034 a
1548 990 1668 1047 patre

281 1070 637 1115 commonefactus
664 1071 754 1113 eius
777 1071 1032 1115 sententiam
1049 1072 1245 1128 prompto
1275 1072 1416 1116 animo
1437 1071 1669 1128 amplecta-

280 1156 363 1197 tur.
438 1151 602 1196 accedit
660 1152 771 1208 quod
812 1165 854 1196 u.
899 1149 985 1195 852
1035 1151 1150 1196 filius
1202 1153 1385 1208 quodam
1435 1153 1562 1198 modo
1616 1153 1669 1195 ad

281 1237 483 1279 honorem
517 1233 702 1277 Socratis
737 1233 935 1286 inclinat,
980 1246 1060 1289 quo
1104 1234 1246 1277 minus
1286 1234 1509 1286 miremur,
1559 1233 1670 1289 quod

282 1318 341 1368 is,
373 1317 446 1371 qui
473 1315 598 1358 initio
629 1314 795 1357 fabulae
821 1314 1086 1370 philosophis
1115 1315 1444 1364 infestissimum
1474 1328 1520 1358 se
1548 1327 1669 1370 prae—

286 1396 422 1447 stitit,
477 1407 517 1437 u.
563 1394 675 1437 1467
715 1406 768 1437 ne
808 1394 1009 1438 iniuriam
1057 1395 1118 1439 eis
1148 1395 1301 1439 inferat
1331 1397 1509 1439 recusat.
1567 1406 1669 1451 qua-

283 1477 454 1533 propter
489 1487 586 1519 cum
622 1486 723 1518 sana
751 1475 894 1517 mente
924 1476 1102 1531 potest
1133 1476 1313 1532 cogitari
1347 1474 1672 1532 Pheidippidem

283 1558 328 1600 in
362 1556 509 1600 eadem
533 1556 676 1600 fabula
706 1556 749 1598 et
778 1567 804 1598 a
829 1555 948 1611 patre
979 1557 1023 1598 et
1050 1568 1076 1599 a
1096 1557 1268 1601 Socrate
1294 1557 1542 1601 institutum
1567 1569 1671 1600 esse.

287 1639 326 1681 si
339 1650 439 1681 uero
458 1637 652 1693 potest,
669 1635 814 1679 debet
835 1635 967 1679 etiam
985 1636 1176 1692 cogitari,
1192 1637 1242 1681 ut
1262 1650 1332 1681 eas
1354 1650 1457 1694 quas
1479 1637 1673 1694 exposui.-

286 1731 382 1762 mus
410 1718 771 1774 interpretationis
800 1716 1022 1759 molestias
1053 1717 1315 1773 effugiamus.

403 1797 486 1843 Sed
516 1798 556 1841 si
581 1797 898 1855 probauerimus
917 1796 1203 1854 Strepsiadem
1227 1798 1273 1842 in
1292 1799 1431 1856 priore
1459 1797 1675 1842 comoedia

289 1896 313 1926 a
331 1882 501 1925 Socrate
518 1881 569 1924 ut
590 1879 847 1936 discipulum
864 1878 970 1922 bene
990 1879 1246 1924 instructum
1266 1879 1509 1931 decessisse,
1529 1891 1570 1922 u.
1588 1878 1673 1922 854

240 1976 244 1979 ’
288 1976 378 2018 sqq.
406 1974 491 2006 non
518 1962 581 2005 sic
609 1962 655 2004 in
682 1960 901 2017 proecdosi
928 1960 1175 2016 legebantur
1193 1962 1243 2004 ut
1271 1960 1469 2018 leguntur
1495 1959 1542 2003 in
1563 1960 1674 2002 met-

290 2042 443 2086 ecdosi.
492 2054 625 2097 neque
655 2042 770 2085 enim
793 2042 961 2098 poterat
979 2054 1106 2085 senex
1125 2043 1200 2086 aut
1218 2042 1356 2086 dicere
1376 2041 1428 2085 de
1445 2039 1675 2085 memoriae

289 2123 537 2166 infirmitate
552 2122 687 2181 (855),
707 2122 953 2179 priusquam
969 2124 1226 2180 spectatores
1242 2134 1336 2167 eam
1350 2122 1443 2180 ipsa
1458 2134 1503 2164 re
1519 2125 1674 2178 cogno-

287 2206 464 2256 uissent‚
502 2205 576 2247 aut
605 2216 630 2246 a
659 2203 750 2247 filio
780 2204 943 2259 petere,
976 2205 1026 2247 ut
1052 2205 1105 2247 ad
1136 2204 1352 2248 Socratem
1379 2216 1425 2247 se
1455 2203 1673 2255 conferret,

291 2410 376 2439 mus
390 2400 612 2448 languidam
632 2400 898 2440 iterationem.
926 2409 1002 2440 non
1018 2402 1121 2441 enim
1136 2410 1175 2440 u.
1192 2400 1265 2461 308
1283 2409 1369 2449 sqq.
1399 2399 1674 2451 Pheidippides

291 2464 556 2504 recusationis
581 2472 742 2503 causam
764 2463 895 2511 addit,
923 2473 1038 2511 quam
1064 2465 1233 2512 legimus
1259 2464 1300 2502 in
1318 2462 1467 2509 2119,
1495 2463 1535 2502 et
1553 2470 1675 2502 sanus

291 2529 330 2564 in
361 2526 543 2575 precibus
570 2534 809 2575 progressus
836 2534 861 2564 a
889 2525 1065 2565 dulcibus
1095 2525 1382 2566 adulationibus
1417 2525 1466 2565 ad
1492 2533 1675 2567 seuerum

289 2590 443 2640 patriae
469 2589 678 2639 potestatis
708 2590 909 2638 imperium
928 2589 1183 2636 cognoscitur
1211 2589 1280 2637 (cr.
1314 2589 1386 2628 iio
1410 2597 1495 2628 cum
1523 2588 1673 2635 86sqq.

291 2655 330 2693 et
358 2661 444 2692 cum
478 2652 554 2691 106
585 2652 689 2699 sqq.)

390 2716 459 2764 85)
486 2716 511 2754 ι.
542 2715 564 2754 i.
594 2724 629 2765 ρ.
649 2714 740 2754 428.
