1812 3185
739 229 1026 270 -31-

198 361 478 419 hypotheseos
520 358 662 402 sextae
710 366 949 399 summam
983 353 1223 410 argumenti
1264 353 1309 395 in
1347 353 1580 396 metendosi

198 442 410 486 mutatam
438 453 531 485 esse
557 438 687 495 negat
702 438 772 492 ⁸²),
813 447 884 478 uu.
903 435 1037 477 ’783-
1047 434 1134 477 804
1160 434 1235 477 11111
1262 434 1488 490 posteriori
1516 433 1580 476 fa-

198 523 322 568 bulae
353 519 651 566 adiudicandos
671 530 763 561 esse
783 528 1015 560 censemus.
1064 527 1198 570 neque
1217 527 1316 558 uero
1337 514 1415 558 hos
1433 527 1579 558 uersus

198 616 344 649 omnes
368 603 445 647 sub
465 601 611 644 eadem
639 600 733 655 lege
757 609 910 654 ponere
940 596 1194 649 dubitamus,
1224 609 1321 639 cum
1351 596 1582 639 sententia-

199 696 295 729 rum
312 694 422 727 nexu
440 680 655 736 artissime
674 679 786 722 inter
805 690 851 721 se
871 678 1131 721 cohaereant.
1163 690 1233 720 uu.
1251 677 1452 720 783—90
1467 677 1582 720 enim

200 764 437 821 exponitur,
480 775 562 818 qua
598 762 649 806 de
687 773 812 804 causa
842 759 1102 816 Strepsiades
1130 771 1156 802 a
1190 758 1413 814 disciplina
1440 758 1581 818 philo-

201 844 373 902 sophica
404 843 691 895 remoueatur,
721 854 790 884 uu.
810 841 956 884 790-
969 840 1055 884 804
1083 840 1245 892 autem,
1276 839 1321 882 in
1351 851 1478 894 quam
1506 850 1581 882 ne-

203 926 445 970 cessitatem
477 925 569 980 ipsa
603 924 836 967 remotione
878 923 1153 986 peruenturus
1193 921 1264 964 sit.
1343 921 1448 964 haec
1494 920 1581 963 iam

204 1005 432 1059 sententia,
472 1016 554 1061 qua
583 1004 679 1047 unis
715 1003 909 1047 secundis
936 1002 1136 1046 Nubibus.
1160 1014 1230 1044 uu.
1248 1000 1478 1044 783—804
1506 1000 1581 1044 ad-

205 1087 443 1142 signamus‚
483 1097 531 1128 eo
568 1085 859 1136 confirmatur,
911 1083 1021 1138 quod
1056 1083 1385 1138 Aristophanem
1422 1082 1468 1124 in
1505 1083 1585 1124 hac

206 1164 444 1210 comoediae
459 1165 579 1220 parte
598 1163 842 1220 corrigenda
861 1164 1111 1219 occupatum
1138 1162 1268 1206 fuisse
1292 1160 1460 1205 aliunde
1481 1173 1585 1217 quo-

206 1258 287 1302 que
312 1245 587 1302 probabiliter
612 1245 840 1301 colligitur.
880 1257 1047 1288 carmen
1078 1244 1191 1287 enim
1221 1243 1447 1295 eboricum,
1478 1242 1588 1298 quod

208 1326 494 1384 Strepsiadem
529 1326 580 1370 de
620 1338 769 1370 scaena
805 1325 1074 1370 decedentem
1110 1324 1300 1382 sequitur
1326 1324 1586 1383 (805-12),

210 1408 373 1452 Teuffel
403 1409 446 1451 et
474 1408 706 1451 Buecheler
722 1409 778 1464 ⁸³)
807 1409 922 1451 recto
951 1407 1108 1451 iudicio
1128 1408 1175 1450 111
1194 1419 1303 1459 611111,
1334 1419 1460 1461 quem
1479 1418 1589 1450 nunc

209 1489 356 1542 habet,
394 1488 538 1533 locum
566 1487 768 1545 quadrare
786 1488 1056 1545 negauerunt.
1115 1488 1345 1544 genuinum
1372 1489 1513 1532 locum
1543 1488 1588 1531 in

209 1570 347 1626 priore
376 1569 518 1613 fabula
545 1570 644 1625 post
681 1582 722 1612 u.
738 1569 824 1612 456
849 1569 921 1612 1161
949 1570 1047 1612 ante
1074 1582 1116 1611 u.
1133 1569 1218 1611 476
1249 1570 1442 1613 habebat.
1502 1569 1590 1612 iam

210 1662 309 1694 uero
347 1661 444 1694 cum
482 1650 529 1694 in
567 1663 614 1694 60
659 1650 710 1694 de
749 1662 830 1706 quo
878 1649 1058 1694 dicimus
1092 1650 1184 1694 loco
1225 1650 1343 1694 chori
1379 1650 1591 1694 canticum

211 1730 381 1774 omnino
411 1730 593 1775 defuisse
622 1744 706 1775 non
732 1731 888 1787 possit,
920 1731 1031 1787 quod
1060 1743 1220 1784 scaena,
1257 1732 1482 1788 postquam
1512 1731 1589 1775 So-

210 1811 345 1854 crates
374 1812 418 1854 et
447 1811 707 1868 Strepsiades
746 1811 957 1863 abierunt,
995 1812 1186 1868 personis
1221 1814 1364 1864 uacat,
1402 1812 1591 1867 sequitur

210 1891 318 1936 illud
355 1903 523 1935 carmen
562 1892 637 1936 aut
663 1891 849 1935 deletum
876 1903 1045 1948 prorsus
1075 1894 1149 1936 aut
1187 1893 1233 1936 in
1266 1892 1397 1936 aliam
1426 1892 1592 1936 fabulae

211 1973 377 2029 partem
404 1972 703 2017 transmissum
730 1985 834 2016 esse.
894 1985 994 2017 nam
1020 1974 1059 2017 si
1078 1972 1284 2017 adfuisset
1310 1985 1490 2025 carmen,
1519 1974 1593 2017 uix

211 2065 430 2111 possemus
458 2053 665 2110 cogitare,
702 2066 784 2109 quo
820 2052 946 2097 modo
975 2055 1167 2098 nostrum
1191 2055 1402 2099 canticum
1431 2056 1595 2114 (805—

216 2136 288 2192 12)
325 2135 406 2178 1106
441 2134 534 2177 1060
575 2134 676 2189 poni
711 2135 934 2189 potuisset.
993 2135 1164 2191 poetam
1197 2138 1342 2180 autem
1375 2136 1483 2180 illud
1511 2149 1594 2180 non

213 2215 345 2260 aliam
363 2215 417 2260 ob
433 2226 605 2259 causam
622 2215 855 2260 remouisse
884 2216 1068 2273 apparet,
1090 2228 1218 2273 quam
1237 2217 1348 2273 quod
1367 2218 1421 2262 ad
1438 2229 1594 2262 nouam

214 2309 410 2342 scaenam
426 2296 472 2341 id
491 2296 580 2340 iam
598 2308 683 2340 non
702 2297 904 2353 quadrare
922 2297 1201 2342 intellexerat.
1262 2310 1358 2342 cum
1376 2299 1520 2342 autem
1549 2299 1595 2342 in

109 2407 132 2426 .
214 2379 307 2435 ipsa
335 2378 459 2422 docta
495 2378 637 2423 fabula
662 2379 982 2435 pronuntiatum
1015 2380 1150 2431 esset,
1190 2380 1228 2423 si
1269 2392 1378 2423 noua
1414 2391 1498 2424 non
1527 2380 1594 2423 in-

217 2459 330 2504 serta
356 2457 548 2513 fuissent,
579 2458 780 2516 quadrare
809 2458 1020 2504 debuerat.

321 2656 391 2705 82)
419 2656 488 2696 Sic
506 2658 608 2696 enlm
620 2644 812 2706 scripsit:
849 2655 985 2695 Τοῦτο
1014 2651 1171 2696 ταύτόν
1200 2654 1284 2696 ἐστι
1311 2658 1367 2708 τῷ
1396 2656 1597 2714 προτέρῳ.

323 2716 393 2769 83)
419 2719 586 2760 Teuffel:
618 2719 756 2759 Philol.
787 2718 850 2759 vu
877 2719 1006 2769 p.830
1023 2729 1128 2770 sqq.;
1154 2720 1373 2762 Buecheler
1388 2721 1412 2761 1.
1422 2722 1447 2761 1.
1461 2723 1596 2772 phou.
