1812 3185
771 207 1060 255 —12—

225 335 408 390 debebit,
439 338 488 380 ut
516 350 591 394 pro
612 333 701 383 εἶτα
722 339 793 382 uel
812 337 975 384 αὐτίκα
993 338 1065 381 uel
1088 328 1225 390 εὐδὺς
1239 339 1314 382 uel
1333 339 1464 384 aliam
1484 339 1607 384 simi-=

225 417 313 460 lem
338 418 591 473 particulam
618 420 760 475 ponat.
820 418 999 462 deinde
1036 430 1136 462 uero
1168 418 1219 462 de
1248 420 1405 463 urbano
1437 421 1605 465 Cleonis

224 498 402 553 imperio
448 498 529 542 hoc
571 499 663 542 loco
707 500 778 555 agi
822 500 935 543 haud
972 501 1167 543 existimo
1186 500 1254 558 ³⁷).
1313 513 1448 556 neque
1492 502 1606 546 enim

223 578 395 634 propter
413 578 559 623 uerba:
589 575 643 635 ἢν
671 579 763 639 γὰρ
791 574 821 639 ἧ
850 600 911 633 τις
941 577 1118 639 ἔξοδος
1138 581 1189 625 de
1207 582 1296 625 ulla
1315 582 1402 625 alia
1421 595 1466 638 re
1488 582 1605 639 cogi-

223 661 309 704 tari
343 661 523 717 poterit,
562 673 690 717 quam
724 661 775 705 de
813 661 991 705 concilio
1004 695 1014 715 ‚
1053 675 1134 718 quo
1171 664 1451 708 Athenienses
1489 677 1604 708 exer-

223 743 333 786 citus
361 743 550 799 quidem,
594 756 720 799 quem
748 744 794 787 in
823 757 945 800 agros
976 745 1165 788 hostium
1194 746 1426 798 mitterent,
1457 745 1607 788 ducem

223 824 422 867 Cleonem
474 825 656 867 creaturi
698 825 827 867 erant.
902 837 1036 880 neque
1084 825 1294 882 denique
1338 826 1510 882 propius
1553 825 1607 870 ad

219 917 366 947 uerum
396 905 622 947 accessisse
660 905 877 957 uidentur,
919 906 992 960 qui
1019 918 1197 961 paruum
1235 918 1402 948 carmen
1427 907 1473 948 in
1503 907 1605 949 duas

218 986 359 1041 partes
400 985 579 1029 diuersis
612 987 873 1042 temporibus
915 986 1172 1043 conscriptas
1202 986 1485 1030 dirimendum
1514 1000 1605 1031 esse

221 1068 471 1110 censuerunt
481 1068 548 1125 ³⁸).
606 1080 705 1111 nam
726 1080 822 1111 oum
851 1068 1019 1111 tantum
1047 1068 1159 1111 absit
1187 1068 1236 1110 ut
1262 1063 1353 1113 εἶτα
1382 1080 1484 1111 uoce
1504 1068 1605 1111 noui

221 1148 451 1203 quidquam
478 1148 820 1192 antecedentibus
854 1148 1080 1199 adiciatur,
1118 1149 1166 1190 ut
1196 1159 1301 1202 quae
1330 1147 1472 1203 paullo
1503 1147 1603 1190 ante

220 1229 415 1272 uniuerso
455 1228 568 1272 dicta
608 1230 728 1280 sunt,
764 1241 814 1271 ea
848 1229 1056 1271 certarum
1097 1240 1237 1271 rerum
1267 1228 1429 1271 latione
1459 1227 1605 1271 habita

219 1310 377 1353 iterum
403 1310 676 1366 proferantur,
707 1311 799 1353 tam
827 1310 920 1352 arta
948 1308 1124 1352 duarum
1154 1309 1337 1361 illarum,
1370 1322 1472 1364 quas
1499 1321 1603 1353 non-

216 1392 325 1435 nulli
345 1392 553 1435 detexisse
569 1392 651 1435 sibi
669 1391 754 1434 uisi
775 1392 885 1443 sunt,
907 1391 1093 1447 partium
1109 1391 1346 1434 coniunctio
1368 1392 1526 1445 existit,
1555 1393 1605 1435 ut

216 1475 357 1516 totum
386 1486 554 1516 carmen
567 1485 649 1515 uno
681 1473 843 1515 calamo
874 1473 917 1515 et
948 1472 1164 1527 inceptum
1194 1473 1236 1515 et
1265 1472 1497 1527 perfectum
1513 1485 1604 1515 esse

217 1555 422 1597 uideatur.
469 1554 558 1597 iam
579 1566 678 1596 uero
701 1553 812 1608 quod
832 1553 886 1596 ad
905 1555 1051 1596 lunam
1081 1554 1124 1596 et
1154 1554 1288 1596 solem
1318 1554 1410 1596 atra
1427 1552 1603 1596 nubium

217 1634 355 1690 specie
386 1634 630 1677 obscuratos
650 1633 847 1689 pertinet,
880 1634 1078 1689 quoniam
1098 1633 1260 1676 Teuffel
1289 1634 1402 1677 recte
1433 1633 1602 1676 intelle-

217 1716 281 1759 xit
298 1717 355 1773 ⁸⁹)
379 1716 490 1759 nihil
524 1715 622 1758 inde
652 1715 705 1758 ad
731 1716 899 1771 tempus
929 1716 1163 1758 accuratius
1189 1715 1507 1759 describendum
1535 1727 1602 1757 re-

217 1796 420 1849 dundare,
450 1796 534 1852 ipsi
573 1795 816 1847 uideamus,
847 1796 991 1838 utrum
1030 1795 1249 1852 proecdosi
1287 1809 1341 1839 an
1369 1794 1602 1839 metecdosi

216 1878 452 1932 epirrhema
481 1876 797 1920 attribuendum
826 1877 896 1919 sit.

489 2049 529 2091 b.
590 2049 661 2090 De
692 2049 913 2103 tempore
945 2047 1322 2103 epirrhematis.

333 2152 473 2207 Atque
510 2152 582 2206 qui
619 2151 738 2194 illius
777 2150 948 2205 quidem
983 2151 1216 2193 sententiae
1251 2151 1419 2206 patroni
1449 2152 1600 2196 extite-

320 2350 389 2396 37)
418 2350 566 2387 Auctor
593 2349 707 2386 huius
735 2349 932 2395 opinionis
949 2348 1012 2386 est
1031 2347 1248 2396 Buecheler
1266 2347 1290 2384 l.
1309 2347 1334 2385 1.
1355 2347 1479 2396 p.65⁹
1490 2342 1592 2395 sqqss

216 2413 267 2451 cr.
287 2412 450 2451 Teuffel.
487 2412 579 2451 edit.
613 2411 704 2450 Nub.
732 2420 768 2460 p.
793 2411 888 2459 1003
930 2410 986 2449 W.
1018 2410 1214 2449 Ribbeck:
1244 2411 1312 2449 Die
1338 2411 1461 2450 Ritter
1485 2410 1522 2449 d.
1553 2413 1597 2449 A.

215 2484 251 2523 p-
277 2475 386 2581 30358.)
416 2535 585 2575 Teuffel:
614 2535 751 2575 Phiiol.
780 2534 842 2574 vu
871 2543 907 2583 p.
925 2534 1016 2573 349.

319 2599 388 2645 39)
420 2598 555 2636 Philol.
587 2599 712 2646 p.347
742 2607 802 2644 sq.
