<?xml version="1.0" encoding="UTF-8"?>
<!DOCTYPE html PUBLIC "-//W3C//DTD XHTML 1.0 Transitional//EN"
    "http://www.w3.org/TR/xhtml1/DTD/xhtml1-transitional.dtd">
<html xmlns="http://www.w3.org/1999/xhtml" xml:lang="en" lang="en">
 <head>
  <title>
</title>
<meta http-equiv="Content-Type" content="text/html;charset=utf-8" />
  <meta name='ocr-system' content='tesseract 3.04.00' />
  <meta name='ocr-capabilities' content='ocr_page ocr_carea ocr_par ocr_line ocrx_word'/>
</head>
<body>
  <div class='ocr_page' id='page_1' title='image "4737200_0033.png"; bbox 0 0 1812 3185; ppageno 0'>
   <div class='ocr_carea' id='block_1_1' title="bbox 753 223 1039 268">
    <p class='ocr_par' dir='ltr' id='par_1_1' title="bbox 753 223 1039 268">
     <span class='ocr_line' id='line_1_1' title="bbox 753 223 1039 268; baseline -0.007 -11"><span class='ocrx_word' id='word_1_1' title='bbox 753 223 1039 268; x_wconf 29' lang='lat'><strong>223..</strong></span> 
     </span>
    </p>
   </div>
   <div class='ocr_carea' id='block_1_2' title="bbox 193 346 1592 2427">
    <p class='ocr_par' dir='ltr' id='par_1_2' title="bbox 193 346 1592 2427">
     <span class='ocr_line' id='line_1_2' title="bbox 204 346 1590 404; baseline -0.002 -11"><span class='ocrx_word' id='word_1_2' title='bbox 204 348 349 394; x_wconf 66' lang='lat' dir='ltr'><strong>uatum</strong></span> <span class='ocrx_word' id='word_1_3' title='bbox 386 351 577 395; x_wconf 87' lang='lat' dir='ltr'><strong>uestrum</strong></span> <span class='ocrx_word' id='word_1_4' title='bbox 616 350 700 395; x_wconf 86' lang='lat' dir='ltr'><strong>uel</strong></span> <span class='ocrx_word' id='word_1_5' title='bbox 727 351 843 395; x_wconf 92' lang='lat' dir='ltr'><strong>usui</strong></span> <span class='ocrx_word' id='word_1_6' title='bbox 880 350 1003 394; x_wconf 90' lang='lat' dir='ltr'><strong>uobis</strong></span> <span class='ocrx_word' id='word_1_7' title='bbox 1046 347 1150 391; x_wconf 85' lang='lat' dir='ltr'><strong>erit&#39;.</strong></span> <span class='ocrx_word' id='word_1_8' title='bbox 1211 346 1305 404; x_wconf 84' lang='lat' dir='ltr'><strong>ipsa</strong></span> <span class='ocrx_word' id='word_1_9' title='bbox 1330 347 1474 391; x_wconf 86' lang='lat' dir='ltr'><strong>autem</strong></span> <span class='ocrx_word' id='word_1_10' title='bbox 1512 346 1590 390; x_wconf 85' lang='lat' dir='ltr'><strong>hae</strong></span> 
     </span>
     <span class='ocr_line' id='line_1_3' title="bbox 205 419 1592 482; baseline -0.003 -8"><span class='ocrx_word' id='word_1_11' title='bbox 205 430 314 475; x_wconf 84' lang='lat' dir='ltr'><strong>bona</strong></span> <span class='ocrx_word' id='word_1_12' title='bbox 343 419 512 477; x_wconf 76' lang='lat' dir='ltr'><strong>fortuna</strong></span> <span class='ocrx_word' id='word_1_13' title='bbox 551 432 712 475; x_wconf 82' lang='lat' dir='ltr'><strong>factum</strong></span> <span class='ocrx_word' id='word_1_14' title='bbox 746 430 850 482; x_wconf 86' lang='lat' dir='ltr'><strong>erat,</strong></span> <span class='ocrx_word' id='word_1_15' title='bbox 876 430 926 473; x_wconf 91' lang='lat' dir='ltr'><strong>ut</strong></span> <span class='ocrx_word' id='word_1_16' title='bbox 961 429 1091 472; x_wconf 86' lang='lat' dir='ltr'><strong>Cleon</strong></span> <span class='ocrx_word' id='word_1_17' title='bbox 1125 429 1250 471; x_wconf 91' lang='lat' dir='ltr'><strong>initio</strong></span> <span class='ocrx_word' id='word_1_18' title='bbox 1285 428 1390 472; x_wconf 90' lang='lat' dir='ltr'><strong>belli</strong></span> <span class='ocrx_word' id='word_1_19' title='bbox 1420 428 1592 471; x_wconf 81' lang='lat' dir='ltr'><strong>Thracii</strong></span> 
     </span>
     <span class='ocr_line' id='line_1_4' title="bbox 204 507 1589 569; baseline -0.002 -14"><span class='ocrx_word' id='word_1_20' title='bbox 204 510 416 557; x_wconf 71' lang='lat' dir='ltr'><strong>&#39;soronam</strong></span> <span class='ocrx_word' id='word_1_21' title='bbox 445 514 489 557; x_wconf 85' lang='lat' dir='ltr'><strong>et</strong></span> <span class='ocrx_word' id='word_1_22' title='bbox 519 510 749 569; x_wconf 82' lang='lat' dir='ltr'><strong>Galepsum</strong></span> <span class='ocrx_word' id='word_1_23' title='bbox 780 507 1036 568; x_wconf 84' lang='lat' dir='ltr'><strong>expugnaret</strong></span> <span class='ocrx_word' id='word_1_24' title='bbox 1049 543 1060 564; x_wconf 90' lang='lat'>‚</span> <span class='ocrx_word' id='word_1_25' title='bbox 1099 510 1145 555; x_wconf 93' lang='lat' dir='ltr'><strong>id</strong></span> <span class='ocrx_word' id='word_1_26' title='bbox 1174 510 1286 567; x_wconf 92' lang='lat' dir='ltr'><strong>quod</strong></span> <span class='ocrx_word' id='word_1_27' title='bbox 1312 510 1445 554; x_wconf 81' lang='lat' dir='ltr'><strong>etiam</strong></span> <span class='ocrx_word' id='word_1_28' title='bbox 1472 508 1589 553; x_wconf 85' lang='lat' dir='ltr'><strong>&#39;I&#39;hu-</strong></span> 
     </span>
     <span class='ocr_line' id='line_1_5' title="bbox 201 590 1590 651; baseline -0.004 -13"><span class='ocrx_word' id='word_1_29' title='bbox 201 593 372 650; x_wconf 81' lang='lat' dir='ltr'><strong>cydides</strong></span> <span class='ocrx_word' id='word_1_30' title='bbox 389 592 448 651; x_wconf 67' lang='grc'><strong>07)</strong></span> <span class='ocrx_word' id='word_1_31' title='bbox 483 593 590 637; x_wconf 89' lang='lat' dir='ltr'><strong>satis</strong></span> <span class='ocrx_word' id='word_1_32' title='bbox 618 592 774 637; x_wconf 87' lang='lat' dir='ltr'><strong>diserte</strong></span> <span class='ocrx_word' id='word_1_33' title='bbox 810 592 982 636; x_wconf 85' lang='lat' dir='ltr'><strong>indicat.</strong></span> <span class='ocrx_word' id='word_1_34' title='bbox 1026 604 1101 649; x_wconf 90' lang='lat' dir='ltr'><strong>per</strong></span> <span class='ocrx_word' id='word_1_35' title='bbox 1120 591 1221 635; x_wconf 89' lang='lat' dir='ltr'><strong>deos</strong></span> <span class='ocrx_word' id='word_1_36' title='bbox 1245 591 1380 648; x_wconf 85' lang='lat' dir='ltr'><strong>igitur</strong></span> <span class='ocrx_word' id='word_1_37' title='bbox 1405 590 1470 633; x_wconf 86' lang='lat' dir='ltr'><strong>ait</strong></span> <span class='ocrx_word' id='word_1_38' title='bbox 1489 590 1590 633; x_wconf 85' lang='lat' dir='ltr'><strong>Ari-</strong></span> 
     </span>
     <span class='ocr_line' id='line_1_6' title="bbox 200 671 1589 731; baseline -0.004 -13"><span class='ocrx_word' id='word_1_39' title='bbox 200 675 448 730; x_wconf 74' lang='lat' dir='ltr'><strong>stophaneS‚</strong></span> <span class='ocrx_word' id='word_1_40' title='bbox 485 674 560 731; x_wconf 89' lang='lat' dir='ltr'><strong>qui</strong></span> <span class='ocrx_word' id='word_1_41' title='bbox 587 674 776 731; x_wconf 89' lang='lat' dir='ltr'><strong>ipsorum</strong></span> <span class='ocrx_word' id='word_1_42' title='bbox 800 674 991 718; x_wconf 74' lang='lat' dir='ltr'><strong>fortunae</strong></span> <span class='ocrx_word' id='word_1_43' title='bbox 1018 673 1209 717; x_wconf 75' lang='lat' dir='ltr'><strong>auctores</strong></span> <span class='ocrx_word' id='word_1_44' title='bbox 1239 672 1399 724; x_wconf 90' lang='lat' dir='ltr'><strong>essent,</strong></span> <span class='ocrx_word' id='word_1_45' title='bbox 1432 671 1521 714; x_wconf 89' lang='lat' dir='ltr'><strong>fore</strong></span> <span class='ocrx_word' id='word_1_46' title='bbox 1540 671 1589 714; x_wconf 90' lang='lat' dir='ltr'><strong>ut</strong></span> 
     </span>
     <span class='ocr_line' id='line_1_7' title="bbox 200 751 1587 815; baseline -0.001 -17"><span class='ocrx_word' id='word_1_47' title='bbox 200 754 313 799; x_wconf 91' lang='lat' dir='ltr'><strong>illud</strong></span> <span class='ocrx_word' id='word_1_48' title='bbox 341 755 511 815; x_wconf 65' lang='grc' dir='ltr'><strong><em>βέλτιον</em></strong></span> <span class='ocrx_word' id='word_1_49' title='bbox 538 755 869 810; x_wconf 64' lang='lat' dir='ltr'><strong>Atheniensibus</strong></span> <span class='ocrx_word' id='word_1_50' title='bbox 895 755 1094 808; x_wconf 88' lang='lat' dir='ltr'><strong>eueniret,</strong></span> <span class='ocrx_word' id='word_1_51' title='bbox 1125 754 1166 799; x_wconf 91' lang='lat' dir='ltr'><strong>si</strong></span> <span class='ocrx_word' id='word_1_52' title='bbox 1193 752 1438 798; x_wconf 87' lang='lat' dir='ltr'><strong>reuocarent</strong></span> <span class='ocrx_word' id='word_1_53' title='bbox 1465 751 1587 796; x_wconf 85' lang='lat' dir='ltr'><strong>Cleo-</strong></span> 
     </span>
     <span class='ocr_line' id='line_1_8' title="bbox 199 835 1588 892; baseline -0.001 -13"><span class='ocrx_word' id='word_1_54' title='bbox 199 848 320 886; x_wconf 78' lang='lat' dir='ltr'><strong>nem3</strong></span> <span class='ocrx_word' id='word_1_55' title='bbox 364 837 404 880; x_wconf 89' lang='lat' dir='ltr'><strong>si</strong></span> <span class='ocrx_word' id='word_1_56' title='bbox 442 850 527 881; x_wconf 91' lang='lat' dir='ltr'><strong>non</strong></span> <span class='ocrx_word' id='word_1_57' title='bbox 565 838 829 890; x_wconf 88' lang='lat' dir='ltr'><strong>reuocarent,</strong></span> <span class='ocrx_word' id='word_1_58' title='bbox 874 837 962 880; x_wconf 87' lang='lat' dir='ltr'><strong>fore</strong></span> <span class='ocrx_word' id='word_1_59' title='bbox 1000 837 1050 879; x_wconf 94' lang='lat' dir='ltr'><strong>ut</strong></span> <span class='ocrx_word' id='word_1_60' title='bbox 1077 836 1121 879; x_wconf 91' lang='lat' dir='ltr'><strong>et</strong></span> <span class='ocrx_word' id='word_1_61' title='bbox 1159 835 1313 892; x_wconf 88' lang='lat' dir='ltr'><strong>oppida</strong></span> <span class='ocrx_word' id='word_1_62' title='bbox 1351 835 1588 891; x_wconf 82' lang='lat' dir='ltr'><strong>expugnata</strong></span> 
     </span>
     <span class='ocr_line' id='line_1_9' title="bbox 204 916 1426 974; baseline 0 -15"><span class='ocrx_word' id='word_1_63' title='bbox 204 916 454 961; x_wconf 89' lang='lat' dir='ltr'><strong>amitterent</strong></span> <span class='ocrx_word' id='word_1_64' title='bbox 482 918 664 964; x_wconf 41' lang='lat' dir='ltr'><strong>etxmala</strong></span> <span class='ocrx_word' id='word_1_65' title='bbox 693 918 862 974; x_wconf 88' lang='lat' dir='ltr'><strong>insuper</strong></span> <span class='ocrx_word' id='word_1_66' title='bbox 889 916 1027 961; x_wconf 87' lang='lat' dir='ltr'><strong>multa</strong></span> <span class='ocrx_word' id='word_1_67' title='bbox 1054 917 1116 960; x_wconf 90' lang='lat' dir='ltr'><strong>eis</strong></span> <span class='ocrx_word' id='word_1_68' title='bbox 1145 916 1426 973; x_wconf 87' lang='lat' dir='ltr'><strong>obtingerent.</strong></span> 
     </span>
     <span class='ocr_line' id='line_1_10' title="bbox 315 997 1587 1055; baseline 0 -15"><span class='ocrx_word' id='word_1_69' title='bbox 315 997 465 1054; x_wconf 86' lang='lat' dir='ltr'><strong>Itaque</strong></span> <span class='ocrx_word' id='word_1_70' title='bbox 495 1011 545 1042; x_wconf 86' lang='lat' dir='ltr'><strong>ex</strong></span> <span class='ocrx_word' id='word_1_71' title='bbox 572 999 677 1055; x_wconf 88' lang='lat' dir='ltr'><strong>ipsis</strong></span> <span class='ocrx_word' id='word_1_72' title='bbox 705 999 855 1055; x_wconf 85' lang='lat' dir='ltr'><strong>poetae</strong></span> <span class='ocrx_word' id='word_1_73' title='bbox 873 998 1015 1041; x_wconf 89' lang='lat' dir='ltr'><strong>uerbis</strong></span> <span class='ocrx_word' id='word_1_74' title='bbox 1036 998 1248 1041; x_wconf 81' lang='lat' dir='ltr'><strong>canticum</strong></span> <span class='ocrx_word' id='word_1_75' title='bbox 1277 999 1470 1040; x_wconf 87' lang='lat' dir='ltr'><strong>nostrum</strong></span> <span class='ocrx_word' id='word_1_76' title='bbox 1488 997 1587 1053; x_wconf 87' lang='lat' dir='ltr'><strong>post</strong></span> 
     </span>
     <span class='ocr_line' id='line_1_11' title="bbox 201 1076 1584 1134; baseline -0.001 -14"><span class='ocrx_word' id='word_1_77' title='bbox 201 1076 346 1121; x_wconf 86' lang='lat' dir='ltr'><strong>Nubes</strong></span> <span class='ocrx_word' id='word_1_78' title='bbox 370 1078 530 1134; x_wconf 85' lang='lat' dir='ltr'><strong>priores</strong></span> <span class='ocrx_word' id='word_1_79' title='bbox 560 1079 844 1134; x_wconf 91' lang='lat' dir='ltr'><strong>conscriptum</strong></span> <span class='ocrx_word' id='word_1_80' title='bbox 874 1090 965 1121; x_wconf 89' lang='lat' dir='ltr'><strong>esse</strong></span> <span class='ocrx_word' id='word_1_81' title='bbox 985 1078 1175 1133; x_wconf 89' lang='lat' dir='ltr'><strong>sequitur</strong></span> <span class='ocrx_word' id='word_1_82' title='bbox 1193 1077 1262 1134; x_wconf 87' lang='lat' dir='ltr'><strong>(cf.</strong></span> <span class='ocrx_word' id='word_1_83' title='bbox 1284 1089 1409 1133; x_wconf 85' lang='lat' dir='ltr'><strong>supra</strong></span> <span class='ocrx_word' id='word_1_84' title='bbox 1422 1077 1584 1133; x_wconf 88' lang='lat' dir='ltr'><strong>p.ll—</strong></span> 
     </span>
     <span class='ocr_line' id='line_1_12' title="bbox 205 1157 1584 1216; baseline 0 -15"><span class='ocrx_word' id='word_1_85' title='bbox 205 1158 290 1216; x_wconf 87' lang='lat'>13),</span> <span class='ocrx_word' id='word_1_86' title='bbox 322 1159 478 1203; x_wconf 89' lang='lat' dir='ltr'><strong>etcum</strong></span> <span class='ocrx_word' id='word_1_87' title='bbox 492 1159 578 1203; x_wconf 87' lang='lat' dir='ltr'><strong>alia</strong></span> <span class='ocrx_word' id='word_1_88' title='bbox 596 1158 844 1203; x_wconf 89' lang='lat' dir='ltr'><strong>testimonia</strong></span> <span class='ocrx_word' id='word_1_89' title='bbox 867 1170 964 1202; x_wconf 89' lang='lat' dir='ltr'><strong>eum</strong></span> <span class='ocrx_word' id='word_1_90' title='bbox 982 1158 1063 1202; x_wconf 87' lang='lat' dir='ltr'><strong>hac</strong></span> <span class='ocrx_word' id='word_1_91' title='bbox 1082 1159 1292 1202; x_wconf 89' lang='lat' dir='ltr'><strong>sententia</strong></span> <span class='ocrx_word' id='word_1_92' title='bbox 1310 1158 1415 1202; x_wconf 90' lang='lat' dir='ltr'><strong>bene</strong></span> <span class='ocrx_word' id='word_1_93' title='bbox 1445 1157 1584 1201; x_wconf 84' lang='lat' dir='ltr'><strong>conci-</strong></span> 
     </span>
     <span class='ocr_line' id='line_1_13' title="bbox 197 1238 1587 1298; baseline 0.001 -16"><span class='ocrx_word' id='word_1_94' title='bbox 197 1238 299 1282; x_wconf 90' lang='lat' dir='ltr'><strong>nant</strong></span> <span class='ocrx_word' id='word_1_95' title='bbox 318 1238 389 1297; x_wconf 87' lang='lat' dir='ltr'><strong>(ef.</strong></span> <span class='ocrx_word' id='word_1_96' title='bbox 409 1252 450 1296; x_wconf 92' lang='lat' dir='ltr'><strong>p.</strong></span> <span class='ocrx_word' id='word_1_97' title='bbox 472 1240 573 1282; x_wconf 85' lang='lat'><strong>19-</strong></span> <span class='ocrx_word' id='word_1_98' title='bbox 586 1240 673 1298; x_wconf 83' lang='lat'>23),</span> <span class='ocrx_word' id='word_1_99' title='bbox 700 1239 808 1282; x_wconf 86' lang='lat' dir='ltr'><strong>illud</strong></span> <span class='ocrx_word' id='word_1_100' title='bbox 827 1239 995 1296; x_wconf 88' lang='lat' dir='ltr'><strong>tempus</strong></span> <span class='ocrx_word' id='word_1_101' title='bbox 1015 1239 1078 1282; x_wconf 83' lang='lat' dir='ltr'><strong>ita</strong></span> <span class='ocrx_word' id='word_1_102' title='bbox 1099 1240 1335 1283; x_wconf 76' lang='lat' dir='ltr'><strong>accuratius</strong></span> <span class='ocrx_word' id='word_1_103' title='bbox 1355 1239 1587 1283; x_wconf 73' lang='lat' dir='ltr'><strong>describere</strong></span> 
     </span>
     <span class='ocr_line' id='line_1_14' title="bbox 199 1318 1585 1377; baseline 0.001 -15"><span class='ocrx_word' id='word_1_104' title='bbox 199 1318 315 1372; x_wconf 88' lang='lat' dir='ltr'><strong>licet,</strong></span> <span class='ocrx_word' id='word_1_105' title='bbox 346 1320 396 1363; x_wconf 91' lang='lat' dir='ltr'><strong>ut</strong></span> <span class='ocrx_word' id='word_1_106' title='bbox 422 1320 566 1376; x_wconf 82' lang='lat' dir='ltr'><strong>paullo</strong></span> <span class='ocrx_word' id='word_1_107' title='bbox 596 1321 694 1377; x_wconf 86' lang='lat' dir='ltr'><strong>post</strong></span> <span class='ocrx_word' id='word_1_108' title='bbox 720 1320 934 1364; x_wconf 89' lang='lat' dir='ltr'><strong>nuntiatas</strong></span> <span class='ocrx_word' id='word_1_109' title='bbox 962 1319 1061 1363; x_wconf 87' lang='lat' dir='ltr'><strong>illas</strong></span> <span class='ocrx_word' id='word_1_110' title='bbox 1091 1332 1195 1376; x_wconf 86' lang='lat' dir='ltr'><strong>quas</strong></span> <span class='ocrx_word' id='word_1_111' title='bbox 1226 1320 1355 1364; x_wconf 84' lang='lat' dir='ltr'><strong>Cleon</strong></span> <span class='ocrx_word' id='word_1_112' title='bbox 1386 1320 1440 1364; x_wconf 85' lang='lat' dir='ltr'><strong>ad</strong></span> <span class='ocrx_word' id='word_1_113' title='bbox 1454 1320 1585 1364; x_wconf 86' lang='lat' dir='ltr'><strong>Toro-</strong></span> 
     </span>
     <span class='ocr_line' id='line_1_15' title="bbox 198 1400 1586 1459; baseline 0.001 -14"><span class='ocrx_word' id='word_1_114' title='bbox 198 1412 297 1444; x_wconf 81' lang='lat' dir='ltr'><strong>nam</strong></span> <span class='ocrx_word' id='word_1_115' title='bbox 323 1401 367 1445; x_wconf 87' lang='lat' dir='ltr'><strong>et</strong></span> <span class='ocrx_word' id='word_1_116' title='bbox 397 1400 628 1458; x_wconf 85' lang='lat' dir='ltr'><strong>Galepsum</strong></span> <span class='ocrx_word' id='word_1_117' title='bbox 656 1401 837 1445; x_wconf 77' lang='lat' dir='ltr'><strong>feliciter</strong></span> <span class='ocrx_word' id='word_1_118' title='bbox 863 1401 1054 1459; x_wconf 86' lang='lat' dir='ltr'><strong>gesserat</strong></span> <span class='ocrx_word' id='word_1_119' title='bbox 1072 1413 1139 1444; x_wconf 92' lang='lat' dir='ltr'><strong>res</strong></span> <span class='ocrx_word' id='word_1_120' title='bbox 1160 1413 1329 1445; x_wconf 89' lang='lat' dir='ltr'><strong>carmen</strong></span> <span class='ocrx_word' id='word_1_121' title='bbox 1352 1400 1586 1458; x_wconf 89' lang='lat' dir='ltr'><strong>perfectum</strong></span> 
     </span>
     <span class='ocr_line' id='line_1_16' title="bbox 197 1482 1585 1539; baseline 0.002 -15"><span class='ocrx_word' id='word_1_122' title='bbox 197 1493 290 1524; x_wconf 90' lang='lat' dir='ltr'><strong>esse</strong></span> <span class='ocrx_word' id='word_1_123' title='bbox 331 1482 534 1526; x_wconf 87' lang='lat' dir='ltr'><strong>dicamus.</strong></span> <span class='ocrx_word' id='word_1_124' title='bbox 595 1494 701 1538; x_wconf 85' lang='lat' dir='ltr'><strong>quae</strong></span> <span class='ocrx_word' id='word_1_125' title='bbox 739 1482 893 1539; x_wconf 90' lang='lat' dir='ltr'><strong>oppida</strong></span> <span class='ocrx_word' id='word_1_126' title='bbox 927 1495 1024 1525; x_wconf 91' lang='lat' dir='ltr'><strong>cum</strong></span> <span class='ocrx_word' id='word_1_127' title='bbox 1061 1482 1203 1538; x_wconf 90' lang='lat' dir='ltr'><strong>paullo</strong></span> <span class='ocrx_word' id='word_1_128' title='bbox 1242 1483 1340 1538; x_wconf 92' lang='lat' dir='ltr'><strong>post</strong></span> <span class='ocrx_word' id='word_1_129' title='bbox 1378 1483 1585 1527; x_wconf 84' lang='lat' dir='ltr'><strong>aestatem</strong></span> 
     </span>
     <span class='ocr_line' id='line_1_17' title="bbox 197 1561 1584 1620; baseline 0.001 -15"><span class='ocrx_word' id='word_1_130' title='bbox 197 1561 266 1605; x_wconf 88' lang='lat' dir='ltr'><strong>Ol.</strong></span> <span class='ocrx_word' id='word_1_131' title='bbox 296 1562 366 1615; x_wconf 88' lang='lat'><strong>89,</strong></span> <span class='ocrx_word' id='word_1_132' title='bbox 398 1564 425 1606; x_wconf 86' lang='lat'><strong>2</strong></span> <span class='ocrx_word' id='word_1_133' title='bbox 455 1563 810 1620; x_wconf 84' lang='lat' dir='ltr'><strong>expugnarentur,</strong></span> <span class='ocrx_word' id='word_1_134' title='bbox 848 1562 1061 1607; x_wconf 80' lang='lat' dir='ltr'><strong>canticum</strong></span> <span class='ocrx_word' id='word_1_135' title='bbox 1091 1561 1239 1606; x_wconf 88' lang='lat' dir='ltr'><strong>eodem</strong></span> <span class='ocrx_word' id='word_1_136' title='bbox 1272 1562 1359 1607; x_wconf 84' lang='lat' dir='ltr'><strong>fere</strong></span> <span class='ocrx_word' id='word_1_137' title='bbox 1394 1563 1584 1620; x_wconf 88' lang='lat' dir='ltr'><strong>tempore</strong></span> 
     </span>
     <span class='ocr_line' id='line_1_18' title="bbox 198 1642 1583 1701; baseline 0.002 -15"><span class='ocrx_word' id='word_1_138' title='bbox 198 1642 460 1687; x_wconf 85' lang='lat' dir='ltr'><strong>elaboratum</strong></span> <span class='ocrx_word' id='word_1_139' title='bbox 500 1645 588 1696; x_wconf 90' lang='lat' dir='ltr'><strong>est,</strong></span> <span class='ocrx_word' id='word_1_140' title='bbox 629 1656 711 1700; x_wconf 89' lang='lat' dir='ltr'><strong>quo</strong></span> <span class='ocrx_word' id='word_1_141' title='bbox 739 1644 911 1701; x_wconf 85' lang='lat' dir='ltr'><strong>poetam</strong></span> <span class='ocrx_word' id='word_1_142' title='bbox 938 1643 1092 1700; x_wconf 90' lang='lat' dir='ltr'><strong>Vespis</strong></span> <span class='ocrx_word' id='word_1_143' title='bbox 1122 1644 1385 1700; x_wconf 87' lang='lat' dir='ltr'><strong>perficiendis</strong></span> <span class='ocrx_word' id='word_1_144' title='bbox 1413 1657 1583 1701; x_wconf 85' lang='lat' dir='ltr'><strong>operam</strong></span> 
     </span>
     <span class='ocr_line' id='line_1_19' title="bbox 196 1724 1582 1789; baseline 0.001 -21"><span class='ocrx_word' id='word_1_145' title='bbox 196 1724 363 1775; x_wconf 84' lang='lat' dir='ltr'><strong>dedisse</strong></span> <span class='ocrx_word' id='word_1_146' title='bbox 398 1724 586 1789; x_wconf 22' lang='lat' dir='ltr'><strong>iudieare-</strong></span> <span class='ocrx_word' id='word_1_147' title='bbox 614 1725 827 1769; x_wconf 89' lang='lat' dir='ltr'><strong>debemus.</strong></span> <span class='ocrx_word' id='word_1_148' title='bbox 887 1724 1084 1768; x_wconf 90' lang='lat' dir='ltr'><strong>uidentur</strong></span> <span class='ocrx_word' id='word_1_149' title='bbox 1117 1724 1261 1768; x_wconf 87' lang='lat' dir='ltr'><strong>autem</strong></span> <span class='ocrx_word' id='word_1_150' title='bbox 1288 1725 1364 1769; x_wconf 83' lang='lat' dir='ltr'><strong>isso</strong></span> <span class='ocrx_word' id='word_1_151' title='bbox 1393 1726 1582 1782; x_wconf 88' lang='lat' dir='ltr'><strong>tempore</strong></span> 
     </span>
     <span class='ocr_line' id='line_1_20' title="bbox 196 1804 1579 1862; baseline 0.002 -14"><span class='ocrx_word' id='word_1_152' title='bbox 196 1804 522 1849; x_wconf 88' lang='lat' dir='ltr'><strong>Atheniensium</strong></span> <span class='ocrx_word' id='word_1_153' title='bbox 552 1805 685 1849; x_wconf 91' lang='lat' dir='ltr'><strong>animi</strong></span> <span class='ocrx_word' id='word_1_154' title='bbox 712 1806 883 1862; x_wconf 88' lang='lat' dir='ltr'><strong>propter</strong></span> <span class='ocrx_word' id='word_1_155' title='bbox 911 1805 1065 1849; x_wconf 86' lang='lat' dir='ltr'><strong>bonam</strong></span> <span class='ocrx_word' id='word_1_156' title='bbox 1090 1805 1301 1849; x_wconf 83' lang='lat' dir='ltr'><strong>fortunam</strong></span> <span class='ocrx_word' id='word_1_157' title='bbox 1321 1806 1426 1851; x_wconf 89' lang='lat' dir='ltr'><strong>belli</strong></span> <span class='ocrx_word' id='word_1_158' title='bbox 1444 1806 1579 1851; x_wconf 91' lang='lat' dir='ltr'><strong>denuo</strong></span> 
     </span>
     <span class='ocr_line' id='line_1_21' title="bbox 196 1885 1580 1942; baseline 0.002 -13"><span class='ocrx_word' id='word_1_159' title='bbox 196 1885 250 1929; x_wconf 87' lang='lat' dir='ltr'><strong>ad</strong></span> <span class='ocrx_word' id='word_1_160' title='bbox 283 1885 483 1929; x_wconf 83' lang='lat' dir='ltr'><strong>Cleonem</strong></span> <span class='ocrx_word' id='word_1_161' title='bbox 513 1887 705 1930; x_wconf 88' lang='lat' dir='ltr'><strong>conuersi</strong></span> <span class='ocrx_word' id='word_1_162' title='bbox 732 1886 877 1937; x_wconf 84' lang='lat' dir='ltr'><strong>fuisse,</strong></span> <span class='ocrx_word' id='word_1_163' title='bbox 908 1898 1004 1929; x_wconf 88' lang='lat' dir='ltr'><strong>eum</strong></span> <span class='ocrx_word' id='word_1_164' title='bbox 1036 1886 1081 1928; x_wconf 93' lang='lat' dir='ltr'><strong>in</strong></span> <span class='ocrx_word' id='word_1_165' title='bbox 1105 1885 1258 1942; x_wconf 89' lang='lat' dir='ltr'><strong>Vespis</strong></span> <span class='ocrx_word' id='word_1_166' title='bbox 1288 1899 1452 1942; x_wconf 92' lang='lat' dir='ltr'><strong>quoque</strong></span> <span class='ocrx_word' id='word_1_167' title='bbox 1481 1892 1580 1932; x_wconf 86' lang='lat' dir='ltr'><strong>ante</strong></span> 
     </span>
     <span class='ocr_line' id='line_1_22' title="bbox 195 1965 1579 2027; baseline 0.001 -16"><span class='ocrx_word' id='word_1_168' title='bbox 195 1980 236 2011; x_wconf 91' lang='lat' dir='ltr'><strong>u.</strong></span> <span class='ocrx_word' id='word_1_169' title='bbox 258 1967 372 2011; x_wconf 87' lang='grc'>1284</span> <span class='ocrx_word' id='word_1_170' title='bbox 391 1966 526 2011; x_wconf 88' lang='lat' dir='ltr'><strong>simili</strong></span> <span class='ocrx_word' id='word_1_171' title='bbox 545 1966 709 2010; x_wconf 85' lang='lat' dir='ltr'><strong>ratione</strong></span> <span class='ocrx_word' id='word_1_172' title='bbox 736 1967 782 2010; x_wconf 89' lang='lat' dir='ltr'><strong>in</strong></span> <span class='ocrx_word' id='word_1_173' title='bbox 803 1979 901 2010; x_wconf 92' lang='lat' dir='ltr'><strong>eum</strong></span> <span class='ocrx_word' id='word_1_174' title='bbox 919 1965 1043 2009; x_wconf 85' lang='lat' dir='ltr'><strong>facile</strong></span> <span class='ocrx_word' id='word_1_175' title='bbox 1071 1966 1265 2011; x_wconf 88' lang='lat' dir='ltr'><strong>inuectus</strong></span> <span class='ocrx_word' id='word_1_176' title='bbox 1294 1969 1353 2012; x_wconf 88' lang='lat' dir='ltr'><strong>sit</strong></span> <span class='ocrx_word' id='word_1_177' title='bbox 1369 1969 1439 2027; x_wconf 81' lang='lat'><strong>⁶⁸).</strong></span> <span class='ocrx_word' id='word_1_178' title='bbox 1496 1969 1579 2013; x_wconf 88' lang='lat' dir='ltr'><strong>ita-</strong></span> 
     </span>
     <span class='ocr_line' id='line_1_23' title="bbox 195 2046 1579 2109; baseline 0.001 -18"><span class='ocrx_word' id='word_1_179' title='bbox 195 2060 275 2104; x_wconf 91' lang='lat' dir='ltr'><strong>que</strong></span> <span class='ocrx_word' id='word_1_180' title='bbox 323 2048 448 2104; x_wconf 88' lang='lat' dir='ltr'><strong>poeta</strong></span> <span class='ocrx_word' id='word_1_181' title='bbox 494 2048 544 2090; x_wconf 87' lang='lat' dir='ltr'><strong>ut</strong></span> <span class='ocrx_word' id='word_1_182' title='bbox 585 2046 789 2103; x_wconf 85' lang='lat' dir='ltr'><strong>Equitum</strong></span> <span class='ocrx_word' id='word_1_183' title='bbox 832 2048 1023 2103; x_wconf 88' lang='lat' dir='ltr'><strong>tempore</strong></span> <span class='ocrx_word' id='word_1_184' title='bbox 1064 2048 1126 2090; x_wconf 89' lang='lat' dir='ltr'><strong>sie</strong></span> <span class='ocrx_word' id='word_1_185' title='bbox 1173 2049 1268 2092; x_wconf 92' lang='lat' dir='ltr'><strong>tum</strong></span> <span class='ocrx_word' id='word_1_186' title='bbox 1304 2061 1468 2109; x_wconf 89' lang='lat' dir='ltr'><strong>quoque</strong></span> <span class='ocrx_word' id='word_1_187' title='bbox 1511 2050 1579 2093; x_wconf 90' lang='lat' dir='ltr'><strong>his</strong></span> 
     </span>
     <span class='ocr_line' id='line_1_24' title="bbox 193 2129 1579 2186; baseline 0.001 -13"><span class='ocrx_word' id='word_1_188' title='bbox 193 2129 463 2173; x_wconf 86' lang='lat' dir='ltr'><strong>contumeliis</strong></span> <span class='ocrx_word' id='word_1_189' title='bbox 498 2141 602 2185; x_wconf 90' lang='lat' dir='ltr'><strong>opus</strong></span> <span class='ocrx_word' id='word_1_190' title='bbox 647 2141 739 2173; x_wconf 90' lang='lat' dir='ltr'><strong>esse</strong></span> <span class='ocrx_word' id='word_1_191' title='bbox 767 2129 956 2185; x_wconf 86' lang='lat' dir='ltr'><strong>putabat.</strong></span> <span class='ocrx_word' id='word_1_192' title='bbox 981 2162 1039 2166; x_wconf 87' lang='lat'><em>-</em></span> <span class='ocrx_word' id='word_1_193' title='bbox 1062 2162 1071 2172; x_wconf 87' lang='lat'>.</span> <span class='ocrx_word' id='word_1_194' title='bbox 1100 2130 1250 2186; x_wconf 85' lang='lat' dir='ltr'><strong>quodsi</strong></span> <span class='ocrx_word' id='word_1_195' title='bbox 1278 2131 1387 2175; x_wconf 89' lang='lat' dir='ltr'><strong>hane</strong></span> <span class='ocrx_word' id='word_1_196' title='bbox 1423 2132 1579 2175; x_wconf 84' lang='lat' dir='ltr'><strong>cantici</strong></span> 
     </span>
     <span class='ocr_line' id='line_1_25' title="bbox 194 2209 1578 2267; baseline 0.002 -14"><span class='ocrx_word' id='word_1_197' title='bbox 194 2209 380 2254; x_wconf 85' lang='lat' dir='ltr'><strong>aetatem</strong></span> <span class='ocrx_word' id='word_1_198' title='bbox 406 2221 504 2254; x_wconf 90' lang='lat' dir='ltr'><strong>cum</strong></span> <span class='ocrx_word' id='word_1_199' title='bbox 531 2209 725 2266; x_wconf 85' lang='lat' dir='ltr'><strong>parabasi</strong></span> <span class='ocrx_word' id='word_1_200' title='bbox 752 2210 921 2267; x_wconf 88' lang='lat' dir='ltr'><strong>propria</strong></span> <span class='ocrx_word' id='word_1_201' title='bbox 949 2211 1224 2264; x_wconf 88' lang='lat' dir='ltr'><strong>conferimus,</strong></span> <span class='ocrx_word' id='word_1_202' title='bbox 1254 2224 1300 2255; x_wconf 87' lang='lat' dir='ltr'><strong>re</strong></span> <span class='ocrx_word' id='word_1_203' title='bbox 1327 2220 1428 2256; x_wconf 89' lang='lat' dir='ltr'><strong>uera</strong></span> <span class='ocrx_word' id='word_1_204' title='bbox 1446 2213 1578 2256; x_wconf 87' lang='lat' dir='ltr'><strong>uariis</strong></span> 
     </span>
     <span class='ocr_line' id='line_1_26' title="bbox 195 2290 1576 2348; baseline 0.002 -14"><span class='ocrx_word' id='word_1_205' title='bbox 195 2290 456 2346; x_wconf 87' lang='lat' dir='ltr'><strong>temporibus</strong></span> <span class='ocrx_word' id='word_1_206' title='bbox 484 2291 654 2346; x_wconf 89' lang='lat' dir='ltr'><strong>poetam</strong></span> <span class='ocrx_word' id='word_1_207' title='bbox 682 2291 960 2335; x_wconf 87' lang='lat' dir='ltr'><strong>retractandis</strong></span> <span class='ocrx_word' id='word_1_208' title='bbox 985 2293 1179 2337; x_wconf 87' lang='lat' dir='ltr'><strong>Nubibus</strong></span> <span class='ocrx_word' id='word_1_209' title='bbox 1213 2305 1383 2348; x_wconf 87' lang='lat' dir='ltr'><strong>operam</strong></span> <span class='ocrx_word' id='word_1_210' title='bbox 1410 2292 1576 2337; x_wconf 88' lang='lat' dir='ltr'><strong>dedisse</strong></span> 
     </span>
     <span class='ocr_line' id='line_1_27' title="bbox 194 2371 1575 2427; baseline 0.003 -14"><span class='ocrx_word' id='word_1_211' title='bbox 194 2371 379 2427; x_wconf 88' lang='lat' dir='ltr'><strong>apparet.</strong></span> <span class='ocrx_word' id='word_1_212' title='bbox 439 2383 566 2427; x_wconf 89' lang='lat' dir='ltr'><strong>quam</strong></span> <span class='ocrx_word' id='word_1_213' title='bbox 602 2371 655 2416; x_wconf 91' lang='lat' dir='ltr'><strong>ob</strong></span> <span class='ocrx_word' id='word_1_214' title='bbox 686 2384 778 2416; x_wconf 90' lang='lat' dir='ltr'><strong>rem</strong></span> <span class='ocrx_word' id='word_1_215' title='bbox 816 2372 1046 2417; x_wconf 83' lang='lat' dir='ltr'><strong>scholiasta</strong></span> <span class='ocrx_word' id='word_1_216' title='bbox 1073 2372 1127 2416; x_wconf 87' lang='lat' dir='ltr'><strong>ad</strong></span> <span class='ocrx_word' id='word_1_217' title='bbox 1164 2372 1275 2417; x_wconf 89' lang='lat' dir='ltr'><strong>Nub.</strong></span> <span class='ocrx_word' id='word_1_218' title='bbox 1307 2372 1390 2416; x_wconf 89' lang='lat'><strong>591</strong></span> <span class='ocrx_word' id='word_1_219' title='bbox 1423 2374 1575 2417; x_wconf 87' lang='lat' dir='ltr'><strong>erroris</strong></span> 
     </span>
    </p>
   </div>
   <div class='ocr_carea' id='block_1_3' title="bbox 193 2507 480 2515">
    <p class='ocr_par' dir='ltr' id='par_1_3' title="bbox 193 2507 480 2515">
     <span class='ocr_line' id='line_1_28' title="bbox 193 2507 480 2515; baseline 0 670"><span class='ocrx_word' id='word_1_220' title='bbox 193 2507 480 2515; x_wconf 95' lang='lat' dir='ltr'><strong> </strong></span> 
     </span>
    </p>
   </div>
   <div class='ocr_carea' id='block_1_4' title="bbox 196 2592 1574 2768">
    <p class='ocr_par' dir='ltr' id='par_1_4' title="bbox 196 2592 1574 2768">
     <span class='ocr_line' id='line_1_29' title="bbox 298 2592 796 2641; baseline 0.004 -10"><span class='ocrx_word' id='word_1_221' title='bbox 298 2593 367 2640; x_wconf 78' lang='grc'><strong>67)</strong></span> <span class='ocrx_word' id='word_1_222' title='bbox 396 2593 440 2632; x_wconf 83' lang='lat' dir='ltr'><strong>V.</strong></span> <span class='ocrx_word' id='word_1_223' title='bbox 467 2593 507 2631; x_wconf 81' lang='lat'><strong>8.</strong></span> <span class='ocrx_word' id='word_1_224' title='bbox 535 2592 659 2641; x_wconf 76' lang='lat' dir='ltr'><strong>med-3</strong></span> <span class='ocrx_word' id='word_1_225' title='bbox 687 2593 729 2631; x_wconf 89' lang='lat' dir='ltr'><strong>V.</strong></span> <span class='ocrx_word' id='word_1_226' title='bbox 758 2593 796 2633; x_wconf 81' lang='grc'><strong>6.</strong></span> 
     </span>
     <span class='ocr_line' id='line_1_30' title="bbox 196 2653 1574 2768; baseline 0.001 -74"><span class='ocrx_word' id='word_1_227' title='bbox 196 2728 222 2768; x_wconf 62' lang='lat' dir='ltr'><strong>p</strong></span> <span class='ocrx_word' id='word_1_228' title='bbox 253 2653 367 2757; x_wconf 63' lang='grc'><strong>93688)</strong></span> <span class='ocrx_word' id='word_1_229' title='bbox 395 2654 504 2696; x_wconf 76' lang='lat' dir='ltr'><strong>Haec</strong></span> <span class='ocrx_word' id='word_1_230' title='bbox 541 2656 605 2696; x_wconf 80' lang='lat' dir='ltr'><strong>est</strong></span> <span class='ocrx_word' id='word_1_231' title='bbox 639 2655 801 2705; x_wconf 75' lang='lat' dir='ltr'><strong>Bergkn</strong></span> <span class='ocrx_word' id='word_1_232' title='bbox 836 2655 1063 2697; x_wconf 76' lang='lat' dir='ltr'><strong>conlectura</strong></span> <span class='ocrx_word' id='word_1_233' title='bbox 1101 2658 1204 2709; x_wconf 79' lang='lat' dir='ltr'><strong>apud</strong></span> <span class='ocrx_word' id='word_1_234' title='bbox 1241 2657 1356 2699; x_wconf 71' lang='lat' dir='ltr'><strong>Mein.</strong></span> <span class='ocrx_word' id='word_1_235' title='bbox 1392 2656 1499 2698; x_wconf 87' lang='lat' dir='ltr'><strong>Com.</strong></span> <span class='ocrx_word' id='word_1_236' title='bbox 1540 2657 1574 2697; x_wconf 86' lang='lat'><strong>11</strong></span> 
     </span>
    </p>
   </div>
  </div>
 </body>
</html>
