1812 3185
752 203 1040 245 „33-

193 332 279 373 ‘hac
308 330 405 374 cum
433 331 642 374 sententia
672 332 856 386 pugnare
883 328 1101 379 uidentur,
1134 340 1237 382 quae
1282 341 1405 384 supra
1436 333 1491 385 (p.
1510 333 1581 387 29)

198 410 376 468 professi
427 425 594 456 sumus:
656 409 981 467 Pheidippidem
1030 409 1083 452 ad
1126 408 1341 453 Socratem
1391 423 1416 453 a
1465 413 1583 467 patre

197 493 370 538 ductum
399 494 541 537 fuisse.
591 505 692 536 nam
721 492 760 534 si
787 489 1048 546 Strepsiades
1074 502 1119 531 re
1148 501 1248 531 uera
1278 502 1382 544 quae
1415 491 1584 535 uolebat

194 575 459 631 perfecisset,
496 574 579 617 11011
619 574 709 616 erat
755 572 865 628 quod
910 571 1024 614 filius
1064 583 1090 613 a
1134 570 1385 627 philosopho
1421 585 1582 627 quoque

196 655 425 700 doceretur.
486 653 605 697 cuius
635 652 940 710 discrepantiae
970 644 1262 697 dissoluendae
1300 664 1397 695 cum
1441 653 1581 709 plures

194 736 318 780 facile
346 736 534 779 rationes
566 733 745 792 cogitari
770 735 947 792 possint,
979 735 1084 779 satis
1105 735 1354 779 habebimus
1385 747 1479 777 eam
1510 747 1581 777 ex-

190 823 356 873 ponere,
373 820 479 873 quae
493 818 677 862 maxime
696 817 926 874 probabilis
943 830 1034 860 esse
1057 817 1263 861 uideatur.
1300 818 1420 874 pater
1448 817 1580 873 igitur

147 958 150 961 Α
191 899 416 955 postquam
444 913 466 943 e
497 900 719 956 disciplina
754 899 939 943 Socratis
976 900 1025 942 ut
1064 898 1273 955 perfectus
1302 899 1577 954 philosophus

191 991 382 1036 egressus
423 981 488 1023 est
529 981 597 1041 (cf.
630 981 715 1023 823
745 982 872 1038 sqq.),
911 980 1023 1036 apud
1048 979 1186 1022 filium
1214 980 1415 1023 nonnulla
1443 992 1576 1023 nouae

192 1061 424 1117 sapientiae
447 1061 678 1116 specimina
719 1061 908 1104 effundit.
968 1061 1043 1103 sed
1076 1073 1173 1103 cum
1212 1061 1257 1103 in
1294 1062 1386 1117 ipsa
1420 1061 1577 1104 artium

188 1141 360 1185 illarum
396 1141 751 1198 redintegratione
792 1142 1015 1198 intellegat
1058 1142 1195 1185 multa
1235 1154 1279 1185 se
1318 1142 1360 1185 et
1399 1141 1576 1185 fortasse

195 1235 244 1265 ea
263 1222 356 1278 ipsa
383 1223 534 1278 quibus
561 1223 787 1266 creditores
816 1224 1059 1279 propulsare
1091 1223 1222 1266 uellet
1253 1224 1323 1280 (cf.
1355 1222 1436 1265 746
1454 1226 1573 1279 sqq),

190 1303 371 1347 oblitum
401 1316 505 1356 esse,
532 1291 674 1347 vmittit
692 1303 842 1355 filium,
874 1304 945 1359 qui
967 1316 1015 1347 ea
1041 1317 1146 1359 quae
1176 1305 1316 1360 ipsum
1345 1304 1577 1360 effugerant

188 1397 284 1427 cum
320 1385 506 1427 firmiore
544 1385 750 1427 memoria
784 1398 810 1427 a
848 1385 1017 1428 Socrate
1044 1386 1220 1440 repetat.
1296 1386 1366 1427 hic
1407 1386 1575 1427 senten-

186 1465 618 1523 tiarum'progressus
648 1466 736 1509 iam
764 1478 838 1522 per
866 1478 912 1509 se
939 1466 1169 1522 probabilis
1199 1465 1469 1509 confirmatur
1500 1466 1573 1517 eis,

187 1560 292 1603 quae
323 1547 543 1604 proecdosi
571 1547 893 1591 uindicauimus.
952 1560 1051 1590 nam
1089 1548 1275 1603 primum
1302 1547 1472 1603 quidem
1502 1547 1574 1590 (13-

184 1628 263 1673 bili
289 1628 546 1686 Strepsiadis
566 1629 808 1681 memoriae,
840 1629 891 1672 de
912 1641 994 1684 qua
1017 1629 1062 1671 in
1080 1631 1219 1686 priore
1240 1641 1403 1685 quoque
1432 1629 1573 1672 fabula

186 1710 342 1754 alicubi
368 1709 529 1752 dictum
548 1709 679 1752 fuisse
696 1710 864 1753 uidetur
878 1711 995 1767 (129.
1012 1711 1111 1753 483.
1129 1711 1213 1754 630
1230 1723 1319 1765 sqq.
1342 1711 1437 1753 785.
1456 1711 1569 1767 855),

181 1792 317 1835 multo
339 1791 598 1835 commedior
617 1791 734 1835 locus
756 1793 832 1844 est,
854 1792 928 1835 ubi
955 1793 1074 1848 pater
1106 1791 1196 1834 filio
1214 1791 1397 1835 Socratis
1413 1792 1571 1835 doctri-

184 1874 259 1916 n'as
299 1872 463 1915 enarrat
504 1885 630 1927 quam
666 1873 711 1916 in
747 1873 839 1928 ipsa
878 1872 1161 1915 institutionis
1201 1885 1361 1916 scaena.
1422 1873 1571 1926 deinde

183 1955 262 1997 hac
305 1953 468 1997 ratione
512 1954 594 1997 filii
632 1955 880 2010 obsequium
914 1954 1034 2011 (865)
1075 1966 1171 1996 cum
1217 1955 1429 2010 superiore
1480 1955 1596 1997 eius*

181 2033 412 2091 pertinacia
456 2036 568 2092 (108
606 2048 696 2090 sqq.
737 2036 819 2078 119
859 2037 976 2092 sqq.)
1003 2035 1059 2091 ⁸⁴)
1104 2034 1315 2090 eleganter
1365 2036 1569 2092 congruit.

287 2234 359 2282 84)
386 2234 468 2275 Non
505 2235 616 2275 recte
656 2235 803 2274 Teuirei
841 2236 880 2273 111
908 2234 1001 2274 edit.
1033 2234 1126 2273 Ναί).
1160 2233 1276 2283 030,
1305 2233 1355 2271 29
1393 2235 1433 2272 ei
1459 2233 1569 2271 Koek

178 2301 205 2339 i.
245 2300 272 2338 Ι.
310 2309 347 2349 p.
376 2300 429 2338 33
457 2307 518 2346 sq.
555 2308 619 2338 1111.
653 2299 725 2338 105
760 2308 841 2345 sqq.
873 2299 913 2338 et
945 2298 1020 2338 110
1053 2307 1135 2345 sqq.
1172 2299 1211 2336 in
1259 2297 1395 2336 eadem
1439 2297 1569 2335 rabula

106 2369 108 2371 ·
181 2364 317 2402 extare
346 2363 523 2412 potuisse
553 2363 809 2409 negauerunt.
868 2363 979 2400 nobis
1010 2361 1159 2408 quidem
1189 2361 1288 2399 11330
1319 2361 1373 2397 ita
1398 2360 1568 2408 placent,

181 2427 221 2465 ut
248 2427 285 2464 si
315 2424 516 2468 deessent,
546 2424 817 2473 repetitionem
846 2423 1135 2462 obsecrationis
1168 2423 1285 2459 eiiam
1315 2420 1567 2459 desiderare-

181 2484 280 2527 mus'.
334 2496 458 2534 neque
497 2487 598 2525 enim
642 2487 679 2524 si
718 2487 834 2535 poeta
872 2487 986 2524 aliter
1022 2485 1193 2530 egisset,
1230 2483 1565 2534 intellegeremus,

179 2550 267 2598 quid
286 2550 507 2598 Strepstadi
535 2549 772 2596 accidisset,
801 2550 863 2595 qui
892 2550 930 2586 in
959 2557 1002 2586 re
1031 2549 1107 2584 iam
1137 2547 1248 2592 graui
1277 2547 1400 2594 prime
1422 2547 1567 2594 impetu

178 2623 202 2651 3
230 2613 310 2651 11110
329 2622 375 2651 se
405 2613 500 2650 reici
529 2612 740 2660 pateretur.
776 2614 947 2649 ceterum
977 2611 1039 2656 qui
1065 2611 1289 2648 accuratius
1318 2609 1445 2647 iocum
1473 2618 1568 2647 con-

177 2675 427 2722 siderauerit,
456 2676 584 2712 omnia
612 2675 710 2712 bene
730 2682 775 2711 se
805 2673 949 2711 habere
969 2673 1194 2721 perspiciet.
1250 2672 1391 2710 nniiam
1417 2673 1568 2709 inueni-

1315 2760 1334 2787 3
