1812 3185
785 250 837 259 -.
899 225 1071 267 40.-

364 419 414 463 2.
477 436 548 463 uu.
590 419 877 463 1487-89
911 417 1059 463 1500
1096 416 1232 461 1501
1257 419 1497 474 proecdosi

708 504 1015 559 adsignando-⁹
1048 516 1154 545 esse.

351 607 549 651 Clausula
569 608 712 649 autem
735 606 823 665 δτὴν
841 607 1011 658 οἱκιάυ’,
1042 619 1168 662 quam
1189 607 1232 649 et
1251 618 1292 648 u.
1318 605 1430 647 1484
1451 606 1494 647 et
1517 603 1629 646 1489

234 688 429 743 legimus,
452 688 759 731 dubitationem
789 688 911 731 nobis
932 688 1046 740 facit,
1077 701 1179 731 num
1200 701 1269 731 uu.
1294 686 1522 730 1487--89
1551 685 1632 728 hoc

241 767 332 809 loco
348 767 447 809 ferri
461 768 639 823 possint.
658 769 892 824 repugnant
909 769 1021 811 enim
1034 769 1249 824 praeterea
1262 781 1345 811 non
1359 767 1499 810 minus
1513 767 1631 809 ante-

238 847 481 890 cedentibus
512 861 637 903 quam
671 849 1033 903 subsequentibus.
1071 861 1171 891 nam
1202 860 1455 905 quamquam
1486 849 1633 903 aptum

237 928 531 972 comburendis
570 929 775 972 aedificiis
804 930 942 972 asciae
978 930 1021 972 et
1051 930 1259 972 scalarum
1291 941 1416 971 usum
1451 928 1631 984 cogitari

236 1021 359 1063 posse
409 1010 677 1053 concedimus
727 1011 864 1067 (1485
908 1012 1021 1068 sq.)‚
1069 1011 1119 1053 ut
1159 1010 1318 1066 tegulis
1359 1010 1631 1066 trabibusque

238 1090 391 1133 solutis
429 1091 596 1134 facilior
636 1092 832 1135 flammae
870 1093 1050 1136 facultas
1090 1092 1320 1144 efficiatur,
1366 1092 1509 1135 tamen
1549 1103 1633 1135 non

235 1171 546 1227 intellegimus,
590 1186 671 1228 qua
700 1175 863 1216 ratione
894 1174 1103 1217 Xanthias
1134 1175 1238 1217 haec
1266 1174 1549 1216 instrumenta
1578 1172 1632 1216 ad

236 1253 553 1297 tabernaculum
573 1255 921 1310 philosophorum
940 1268 1110 1310 prorsus
1134 1254 1406 1297 euertendum
1436 1253 1633 1296 adhibere

238 1335 432 1377 iubeatur
461 1336 593 1392 (1489
626 1338 720 1393 sq.).
769 1349 869 1379 nam
900 1349 996 1380 cum
1028 1335 1291 1392 Strepsiades
1320 1348 1360 1378 u.
1386 1335 1498 1378 1483
1519 1334 1633 1377 Mer-

238 1416 344 1459 curii
375 1417 612 1468 consilium,
641 1430 730 1481 quo
744 1430 1007 1460 concremare
1027 1418 1348 1461 meditatorium
1367 1418 1507 1459 iussus
1529 1417 1631 1468 erat,

236 1497 378 1552 palam
408 1498 661 1553 probauerit,
693 1512 777 1542 non
806 1499 1075 1555 percipimus,
1109 1511 1189 1554 quo
1219 1497 1345 1541 modo
1377 1498 1451 1541 aut
1481 1498 1631 1541 domus

238 1579 458 1621 combusta
498 1579 689 1622 diruatur
727 1581 801 1622 aut
840 1580 989 1622 domus
1031 1580 1171 1622 diruta
1197 1579 1477 1643 comburatur.
1537 1580 1633 1621 tan-

237 1660 331 1701 tum
350 1659 463 1702 enim
493 1660 624 1710 abest,
644 1660 693 1702 ut
726 1660 1001 1716 Strepsiades‚
1031 1660 1076 1702 id
1106 1660 1217 1715 quod
1238 1659 1361 1702 facile
1379 1660 1563 1715 cuipiam
1589 1659 1634 1702 in

239 1742 427 1783 mentem
449 1741 631 1793 uenerit,
658 1740 708 1783 de
733 1741 996 1799 philosophis
1014 1740 1164 1796 duplex
1180 1753 1254 1796 pro
1269 1740 1453 1795 peccatis
1474 1740 1634 1796 suppli-

239 1821 353 1864 cium
370 1823 612 1878 sumpturus
628 1822 768 1875 fuerit,
785 1823 845 1875 ut,
869 1835 972 1878 quos
989 1822 1162 1866 aedibus
1179 1822 1337 1866 euersis
1353 1823 1555 1875 necasset,
1573 1822 1635 1865 eis

238 1902 328 1957 igni
358 1903 528 1946 admoto
557 1905 723 1959 gratam
746 1904 855 1960 apud
887 1904 1042 1947 inferos
1075 1904 1262 1959 quietem
1292 1903 1464 1946 daturus
1493 1903 1633 1946 fuerit.

236 1985 374 2040 possis
423 1986 600 2029 forsitan
642 1986 827 2041 cogitare
873 1998 944 2029 eos
985 1985 1133 2028 eodem
1170 1986 1360 2041 tempore
1409 1985 1635 2039 utrumque

236 2078 393 2121 poenae
425 2079 557 2121 genus
589 2068 821 2109 exercuisse
842 2066 904 2108 ita
924 2065 1107 2121 quidem,
1139 2066 1187 2108 ut
1209 2065 1470 2122 Strepsiades
1497 2065 1634 2110 medi-

236 2149 440 2190 tatorium
470 2149 641 2191 flamma
673 2149 918 2197 incenderit,
952 2148 1161 2190 Xanthias
1192 2148 1367 2199 tectum,
1400 2148 1511 2202 quod
1541 2160 1634 2190 sca-

238 2230 375 2272 larum
418 2242 542 2285 opera
581 2231 773 2287 petierit,
817 2229 989 2272 dolabra
1029 2229 1241 2271 euerterit.
1306 2227 1379 2271 sed
1408 2241 1554 2271 uereor
1581 2241 1633 2271 ne

236 2310 298 2353 ita
327 2324 473 2353 seruus
506 2312 700 2367 egregiae
742 2323 840 2365 erga
881 2310 1100 2353 dominum
1131 2310 1421 2354 oboedientiae
1454 2310 1634 2353 iniustas

235 2404 389 2447 poenas
425 2393 612 2435 fiammis
650 2392 839 2434 soluerit.
899 2404 1033 2446 neque
1063 2404 1162 2435 uero
1194 2392 1349 2434 melius
1392 2404 1519 2446 quam
1558 2404 1633 2433 an-

233 2473 521 2517 tecedentibus
558 2473 890 2529 sequentibus
914 2473 960 2516 hi
976 2485 1123 2517 uersus
1155 2472 1421 2530 respondent.
1482 2485 1580 2517 nam
1598 2452 1637 2516 si

233 2567 278 2597 re
298 2567 399 2597 uera
431 2555 486 2597 ab
515 2556 798 2610 Aristophane
830 2555 898 2596 illi
926 2567 1073 2597 uersus
1105 2554 1293 2597 hocloco
1310 2555 1460 2610 scripti
1481 2554 1635 2603 essent,

234 2636 379 2679 debuit
410 2636 580 2679 omnino
613 2635 783 2688 addere,
810 2635 919 2679 unde
940 2635 1172 2680 Xanthiam
1192 2636 1292 2680 huic
1323 2636 1383 2679 eri
1412 2636 1634 2692 praecepto

232 2718 420 2773 paruisse
453 2718 811 2772 intellegeremus.
855 2718 981 2772 atque
1010 2719 1105 2760 tum
1126 2718 1238 2759 certe
1260 2716 1310 2760 de
1328 2717 1442 2760 tecto
1464 2716 1634 2760 aedium
