1812 3185
780 234 1068 279 ..15-

235 362 513 406 demonstrari
531 374 615 406 non
632 361 773 419 possit·
787 360 1116 417 Aristophanem
1144 359 1235 402 tam
1262 358 1395 402 stulta
1420 358 1613 414 superbia

233 433 395 487 elatum
421 444 563 495 fuisse,
594 444 655 494 ut,
685 443 795 498 quod
823 443 899 486 uni
917 455 966 484 ex
987 441 1215 485 comoediis
1242 453 1309 483 res
1336 439 1449 482 male
1476 450 1612 481 cesse-

234 527 335 579 rat„
358 538 503 569 omnes
542 524 798 580 spectatores
831 523 1079 579 insipientes
1116 534 1207 566 esse
1242 521 1427 578 putaret,
1464 528 1538 576 per
1567 531 1612 562 se

234 605 495 661 intellegitur
523 606 693 661 poetam
722 605 767 647 in
794 604 948 648 fabulis
983 602 1291 648 conscribendis
1308 613 1406 644 non
1434 601 1526 643 tam
1560 600 1613 642 ad

236 699 306 729 eos
336 685 587 742 respexisse,
629 686 703 741 qui
732 686 784 730 ob
815 686 1026 742 agrestem
1055 698 1224 730 sensum
1254 682 1486 728 sententias
1516 693 1613 724 suas

233 766 401 821 assequi
438 778 521 809 non
557 767 747 822 possent,
784 772 914 821 'quam
951 767 1004 811 ad
1045 780 1139 819 eos,
1185 766 1258 821 qui
1292 765 1418 808 iustis
1457 763 1612 806 animis

233 859 380 890 omnes
401 848 637 891 carminum
654 847 827 892 facetias
857 847 1060 892 imbibere
1086 847 1277 890 ualerent
1296 845 1428 903 (526).
1485 857 1611 900 quam

235 927 286 970 ob
316 941 407 971 rem
438 928 540 972 licet
571 929 764 973 Nubibus
809 928 967 972 exactis
995 929 1033 972 si
1049 928 1218 972 omnino
1247 926 1459 982 sapientes
1491 937 1611 981 spec-

233 992 392 1051 tatores
427 1009 609 1052 Athenis
653 1021 743 1051 esse
789 1009 985 1065 putabat,
1043 1009 1208 1064 poterat
1246 1020 1331 1050 non
1369 1006 1507 1049 modo.
1537 1005 1609 1048 sed

231 1088 407 1131 debebat
434 1089 577 1140 etiam,
608 1089 801 1143 quotiens
829 1089 883 1131 ad
910 1089 1125 1132 theatrum
1153 1101 1198 1131 se
1228 1088 1510 1139 conuertebat,
1540 1099 1611 1130 eos

231 1169 414 1224 adloqui,
445 1169 498 1212 ad
525 1182 628 1224 quos
648 1170 840 1225 spectans
859 1169 1047 1212 fabulam
1067 1169 1368 1225 composuerat.
1407 1167 1482 1210 sed
1507 1180 1611 1222 quae

233 1251 274 1292 ei
303 1250 511 1293 sententia
534 1250 584 1292 de
615 1251 921 1306 spectatoribus
952 1251 1101 1303 fuerit,
1140 1263 1190 1293 ex
1220 1250 1347 1293 certis
1375 1249 1611 1292 fabularum

231 1331 336 1374 locis
378 1331 623 1388 intellegere
660 1331 774 1392 licet.
847 1332 973 1388 atque
1016 1333 1066 1375 ut
1109 1332 1332 1375 mittamus
1366 1330 1611 1386 posterioris

232 1411 401 1465 quidem
422 1411 574 1454 aetatis
590 1411 765 1463 fabulae,
791 1425 887 1455 cum
901 1413 1026 1467 poeta
1041 1425 1066 1454 a
1088 1412 1225 1467 priore
1241 1412 1317 1454 illa
1331 1411 1473 1453 mente
1486 1409 1610 1452 facile

230 1490 367 1534 uideri
385 1491 522 1547 possit
549 1492 784 1545 recessisse,
815 1493 920 1536 satis
950 1492 1198 1536 documento
1230 1492 1328 1535 sunt
1347 1490 1473 1547 Vesp.
1498 1490 1610 1533 1013

231 1584 292 1627 sq.
323 1572 368 1615 in
397 1572 465 1615 his
504 1573 760 1629 spectatores
790 1574 975 1631 appellat
1013 1574 1067 1619 οὐ
1093 1573 1301 1631 σκαιοὺς,
1339 1574 1457 1617 cuius
1492 1573 1610 1616 uocis

228 1654 296 1698 uis
325 1667 409 1698 non
438 1655 562 1711 longe
590 1656 642 1699 ab
670 1656 747 1699 illo
778 1656 1022 1714 σοφώτατοι
1061 1656 1208 1699 abesse
1236 1656 1417 1699 uidetur.
1477 1655 1612 1699 simili

230 1734 378 1779 deinde
411 1736 574 1780 ratione
605 1736 882 1792 subsequente
911 1749 1037 1780 uersu
1067 1737 1258 1792 quamuis
1290 1737 1460 1781 acerbae
1488 1736 1610 1780 dubi-

229 1816 404 1859 tationis
432 1816 566 1860 forma
595 1830 695 1860 usus
727 1830 797 1861 eos
829 1831 878 1860 ex
908 1819 1213 1874 spectatoribus
1242 1818 1504 1872 adloquitur,
1535 1819 1609 1872 qui

228 1896 436 1955 καῇαρόυ
474 1916 511 1941 τι
541 1896 734 1952 diligant.
793 1911 889 1943 cum
923 1900 1066 1942 autem
1093 1898 1321 1955 Vesparum
1345 1898 1488 1942 fabula
1515 1899 1607 1954 ipso

227 1978 363 2033 primo
400 1978 497 2033 post
531 1977 675 2022 Nubes
706 1992 813 2023 anno
853 1980 947 2023 acta
985 1980 1043 2023 sit
1065 1981 1126 2037 ⁶¹)
1142 2012 1153 2032 ,
1185 1980 1347 2023 certum
1382 1980 1504 2023 nobis
1544 1980 1609 2022 est

227 2059 557 2115 Aristophanem
600 2060 729 2104 istam
779 2060 829 2104 (16
877 2061 1188 2117 spectatoribus·
1233 2061 1488 2105 sententiam
1536 2062 1610 2104 aut

228 2141 398 2186 omnino
419 2153 502 2184 non
522 2141 718 2185 habuisse
738 2143 812 2185 aut
830 2142 1058 2194 remisisse,
1089 2144 1315 2197 antequam
1333 2142 1495 2198 primus
1513 2143 1610 2198 post

226 2220 348 2264 illam
367 2221 656 2265 calamitatem
680 2235 813 2266 annus
844 2222 897 2265 ad
926 2222 1054 2266 finem
1082 2224 1357 2279 peruenisset.
1404 2222 1478 2265 sed
1499 2222 1609 2277 quod

227 2301 461 2358 epirrhema
499 2304 709 2356 nostrum,
752 2304 802 2347 ut
846 2303 955 2347 infra
999 2304 1076 2362 (cf.
1109 2318 1148 2360 p.
1181 2305 1261 2361 23)
1293 2303 1608 2359 explicabimus,

226 2382 373 2426 eodem
402 2383 487 2426 fere
517 2384 705 2440 tempore
752 2398 832 2441 quo
866 2386 1026 2442 Vespae
1057 2385 1338 2441 conscriptum
1368 2386 1454 2437 est,
1500 2385 1608 2427 illud

225 2457 262 2507 ὦ
290 2464 536 2521 σοφώτατοι
577 2465 739 2517 &sarai
776 2466 830 2510 ad
874 2466 1155 2510 definiendum
1204 2467 1402 2509 carminis
1438 2468 1607 2523 tempus

224 2543 341 2596 nullo
369 2544 494 2587 modo
525 2545 715 2589 adhiberi
741 2548 894 2603 potest.

331 2731 399 2780 51)
429 2731 608 2772 Richter:
635 2732 812 2782 prolegg,
842 2732 890 2771 ad
918 2732 1033 2781 vesp.
1062 2733 1152 2773 edit.
1187 2734 1286 2773 ¹858
1313 2743 1349 2783 p.
1377 2733 1441 2772 28.
