1812 3185
744 234 1034 277 „39-

197 358 311 402 idem
339 357 500 412 deinde,
541 361 748 417 quomodo
786 374 827 405 u.
858 361 944 405 543
983 372 1082 404 cum
1124 360 1404 417 hypotheseos
1444 361 1583 403 sextae

195 429 364 484 auctore
403 441 638 499 conspirare
675 442 832 499 posset,
872 454 896 484 e
934 453 975 484 ιι.
1007 440 1094 484 544
1117 440 1221 484 bene
1252 439 1499 497 -explanauit
1516 441 1583 497 ⁹⁶),

195 521 588 578 retractationisque
612 523 787 566 initium
807 534 942 579 neque
976 523 1075 566 ante
1114 535 1155 565 ιι.
1190 522 1300 565 1465
1327 535 1460 578 neque
1488 523 1585 578 post

195 614 236 646 u.
281 602 393 647 1482
420 614 513 647 esse
542 603 695 647 merito
725 603 929 647 statuisse
972 603 1152 647 uidetur.
1214 603 1440 648 artioribus
1484 616 1582 647 uero

196 683 351 730 finibus
387 684 468 726 hoc
503 683 566 725 ita
602 683 942 727 circumscribere
980 683 1102 748 licet,
1144 686 1193 726 ut
1229 696 1384 726 nouam
1421 684 1585 739 partem

195 763 409 808 ueteribus
446 763 560 807 intra
594 776 664 807 uu.
703 764 814 808 1465
855 765 899 809 et
932 764 1043 808 1477
1075 764 1317 808 adiunctam
1349 777 1440 808 esse
1469 764 1583 808 dica·

193 857 310 895 mus:
346 857 447 889 nam
482 857 580 890 cum
611 847 888 902 posteriorem
916 846 1178 890 comoediam
1211 859 1260 890 ea
1289 859 1453 902 quoque
1482 859 1528 889 re
1558 859 1584 888 a

194 926 332 983 priore
361 926 526 970 differre
564 926 798 971 uerisimile
826 927 902 980 sit,
931 927 1041 983 quod
1067 928 1113 971 in
1140 928 1234 971 acta
1254 927 1426 983 quidem
1448 926 1582 970 Chae-

194 1007 353 1064 rephon
369 1007 416 1050 in
432 1008 572 1063 ipsam
590 1019 784 1052 scaenam
802 1007 1029 1064 productus
1050 1008 1108 1051 sit
1128 1009 1173 1050 in
1190 1008 1421 1064 posteriore
1437 1009 1582 1051 autem

194 1079 335 1132 uerbis
353 1088 522 1131 tantum
540 1087 631 1131 eius
649 1087 727 1131 fiat
744 1088 904 1131 mentio
923 1089 992 1145 ⁹⁷),
1019 1088 1322 1145 intellegimus,
1352 1100 1433 1143 quo
1453 1088 1578 1131 modo

195 1169 238 1212 et
267 1180 309 1211 u.
331 1167 443 1211 1465
471 1167 525 1211 ad
549 1167 734 1224 priorem
764 1168 935 1224 quidem
963 1168 1150 1212 fabulam
1177 1168 1377 1225 respiciat
1396 1169 1440 1211 et
1459 1168 1582 1212 facile

193 1261 268 1306 pro
296 1248 609 1293 retractationis
637 1248 793 1292 indicio
823 1249 970 1293 haberi
998 1250 1153 1305 possit,
1183 1249 1294 1305 quod
1321 1261 1363 1292 u.
1390 1249 1500 1292 1477
1533 1248 1583 1292 de

196 1328 510 1384 Chaerephonte
541 1329 713 1372 tacetur.
775 1330 1027 1385 quapropter
1053 1342 1094 1371 u.
1124 1330 1235 1371 1475
1259 1329 1344 1385 ipsi
1369 1341 1503 1371 nouae
1530 1328 1583 1371 ad

194 1408 358 1452 ueteres
395 1420 568 1452 scaenae
607 1407 887 1452 adnectendae
940 1408 1144 1452 inseruire
1187 1409 1290 1452 bene
1326 1408 1395 1451 uir
1436 1407 1582 1451 doctus

196 1489 423 1533 coniecisse
451 1488 632 1532 uidetur.
681 1501 815 1545 neque
844 1491 988 1533 tamen
1011 1502 1234 1546 possumus
1254 1489 1456 1545 amplecti
1488 1500 1582 1531 eam

196 1570 466 1621 sententiam,
496 1581 600 1625 quae
627 1569 672 1612 in
701 1569 769 1612 his
795 1569 885 1612 eius
914 1569 1053 1613 uerbis
1084 1571 1142 1626 (p.
1173 1569 1275 1626 676)
1306 1569 1441 1612 inest:
1486 1569 1582 1628 ‘Der

194 1643 551 1693 vorurtheilssreie
579 1649 707 1692 Leser
733 1649 840 1692 wird
867 1649 1065 1706 nirgends
1107 1650 1199 1692 eine
1236 1649 1399 1701 Limite,
1437 1649 1582 1692 einen

194 1730 394 1785 Mangel
414 1729 496 1772 der
515 1730 866 1784 composition
887 1730 1180 1781 entdecken‚
1203 1730 1287 1772 der
1307 1731 1421 1773 eine
1439 1731 1580 1772 zwei-

195 1810 339 1854 fache
365 1808 704 1866 Bearbeitung
729 1808 1018 1852 verriethe'.
1078 1821 1177 1852 nam
1198 1821 1294 1852 cum
1322 1808 1444 1852 nobis
1475 1820 1578 1864 quo-

195 1903 276 1947 que
289 1901 535 1946 persuasum
558 1889 616 1931 sit
628 1889 798 1944 poetam
814 1889 973 1931 exitum
988 1889 1153 1932 fabulae
1170 1890 1293 1945 plane
1315 1890 1578 1938 retractasse,

195 1972 477 2017 Fritzschium
484 1972 539 2028 ⁹⁸)
554 1971 698 2014 tamen
713 1970 877 2014 cautius
892 1971 996 2014 haec
1014 1971 1241 2027 protulisse
1265 1970 1577 2014 existimamus:

195 2080 250 2088 —
274 2053 479 2112 ‘quamuis
498 2052 803 2107 Aristophanes
824 2063 979 2094 nouam
996 2064 1190 2094 scaenam
1208 2052 1299 2107 ipse
1313 2051 1578 2101 absoluisset,

193 2135 385 2191 princeps
413 2134 556 2176 tamen
581 2132 718 2176 editor
734 2158 787 2164 -
806 2132 877 2175 hic
898 2144 1062 2187 quoque
1090 2156 1130 2163 —
1151 2132 1293 2188 potuit
1309 2159 1359 2164 —
1383 2134 1581 2186 utrasque

195 2215 340 2258 Nubes
384 2212 657 2256 confundere'.
717 2224 816 2255 nam
858 2211 966 2255 hanc
1009 2212 1092 2254 uiri
1120 2211 1233 2255 docti
1273 2211 1578 2255 dubitationem

197 2294 458 2351 comprobari
486 2305 609 2350 posse
640 2293 887 2336 iudicamus.

298 2515 366 2563 96)
396 2515 609 2554 Adiuuatur
640 2513 871 2553 Buechelerl
899 2513 1096 2552 sententia
1125 2513 1185 2550 bis
1215 2512 1423 2560 praeterea
1455 2511 1572 2550 locis:

195 2580 312 2630 vesp.
337 2580 389 2617 55
415 2586 518 2626 sqq.;
551 2576 643 2615 Pac.
668 2575 746 2615 ⁷39
774 2585 878 2625 sqq.;
906 2574 1002 2615 Ran‘.
1038 2578 1052 2613 1
1087 2584 1168 2622 sqq·

300 2643 368 2690 97)
399 2641 457 2680 Cf.
483 2641 645 2680 Teuffel.
690 2642 729 2678 lu
756 2640 850 2679 Nub.
876 2640 968 2679 edit.
997 2648 1035 2687 p.
1057 2640 1121 2676 35.

303 2705 371 2753 08)
402 2705 428 2743 1.
459 2703 528 2743 l.1
559 2711 600 2752 p.
626 2705 686 2742 17.
