1812 3185
780 240 1069 283 -44-

237 368 365 415 quam
393 362 440 405 in
464 365 707 419 posteriore,
738 366 812 410 ubi
841 367 1133 423 ipsasflamma
1162 370 1288 425 atque
1301 372 1429 414 ‘fumo
1450 371 1622 416 aedibus

236 441 459 496 exiguntur
487 443 618 500 (1495
650 446 773 503 sqq.).
831 446 941 491 unde
969 447 1148 492 fortasse
1175 447 1336 493 factum
1363 450 1440 503 est,
1470 452 1520 494 ut
1548 451 1625 495 illa

235 534 406 575 scaena,
439 525 550 580 quod
578 527 692 570 ultra
720 528 894 572 modum
920 530 1236 585 produceretur,
1272 532 1419 587 postea
1447 544 1472 574 a
1500 533 1625 588 poeta

235 604 483 649 mutaretur.
544 620 641 651 cum
670 621 769 652 uero
801 610 908 653 illud
937 611 1029 654 tota
1058 612 1200 656 fabula
1228 612 1465 668 appetitum
1493 611 1624 656 fuisse

235 683 441 737 uideatur,
471 687 520 729 ut
541 688 797 744 supplicium
827 690 877 732 de
897 691 1162 748 philosophis
1182 693 1428 745 sumeretur,
1457 692 1624 735 nostrae

235 767 476 811 comoediae
505 769 624 822 finis,
656 783 736 825 quo
767 771 881 815 iusta
908 784 1042 828 poena
1067 774 1209 817 minus
1236 774 1471 818 retardetur
1484 807 1494 826 ,
1524 786 1624 829 prae

236 848 312 892 illo
358 849 497 905 priore
543 852 757 907 praestare
802 852 983 896 uidetur.
998 886 1057 890 -
1074 886 1084 895 .
1102 854 1213 910 apud.
1257 855 1435 898 eundem
1483 855 1625 897 autem

236 930 440 975 Photium
464 931 662 988 leguntur
691 934 813 977 haec:
847 935 1041 994 Πάρνης·
1073 934 1119 981 τὸ
1150 931 1251 994 ἔρος
1280 937 1507 991 ςρνιχλυκοῑῖς·

238 1040 241 1043 -
288 1011 360 1063 Ἐς
388 1011 464 1067 τὴν
495 1014 689 1071 Πᾶρυηξν’
723 1014 1005 1073 ὀργισὲεῗσαι
1037 1017 1225 1074 φροῦδαι
1258 1015 1377 1061 κατὰ
1405 1015 1481 1061 τὸν

1322 1098 1622 1156 Λυκαβηττόν.

232 1174 550 1232 Ἀριστοφάνης
587 1177 811 1233 Νεφέλαις.
853 1176 931 1222 καὶ
967 1179 1075 1236 ἑξῆς.
1137 1178 1208 1235 qui
1237 1191 1407 1231 uersus,
1445 1178 1483 1221 si
1512 1180 1624 1222 recte

236 1254 399 1298 Teuffel
435 1256 563 1313 (Mus.
602 1257 736 1300 Rhen.
770 1258 811 1301 X
838 1272 878 1314 p.
912 1259 1015 1316 232)
1066 1271 1164 1302 eum
1202 1259 1278 1302 fini
1315 1259 1467 1315 prioris
1505 1259 1624 1303 fabu-

235 1337 302 1379 lae
344 1338 629 1391 attribuisset,
675 1352 772 1382 cum
811 1340 955 1383 nostra
995 1340 1190 1396 opinione
1230 1340 1427 1395 coniungi
1465 1341 1622 1396 posset.

236 1417 309 1460 sed
348 1418 582 1461 Buecheler
600 1420 655 1477 ⁹⁹)
706 1432 803 1462 cum
841 1420 1045 1462 refutaret
1092 1419 1290 1463 Teuffelii
1328 1417 1623 1471 coniecturam,

234 1499 513 1543 uerisimilius
544 1513 635 1543 esse
663 1501 832 1556 putauit
861 1501 1066 1544 Photium
1095 1501 1172 1544 illo
1202 1501 1330 1544 uerbo
1360 1502 1457 1557 ἑξῆς
1486 1512 1526 1543 u.
1539 1500 1624 1543 323

235 1580 428 1624 rationen
456 1580 666 1633 habuisse,
698 1594 826 1636 quam
845 1582 998 1624 tertiae
1019 1581 1213 1625 Pal-netis
1233 1580 1475 1633 mentioniS,
1506 1593 1623 1637 quae,

237 1662 275 1705 si
307 1662 537 1705 frustulum
566 1663 761 1706 nostrum
789 1662 835 1705 in
855 1662 972 1705 exitu
991 1662 1156 1706 fabulae
1186 1662 1439 1705 collocatum
1459 1661 1623 1714 fuisset,

236 1745 333 1799 post
367 1743 474 1786 illud
515 1743 627 1787 facta
661 1744 813 1787 fuisset
842 1744 1038 1789 etcum
1085 1743 1235 1787 ceteris
1273 1744 1520 1787 interiisset.
1580 1743 1626 1785 in

236 1823 328 1866 loco
372 1823 517 1866 autem
551 1823 779 1879 fragmenti
817 1823 1052 1867 accuratius
1093 1822 1363 1867 describendo
1394 1822 1625 1866 Fritzschi-

236 1918 311 1947 um
329 1906 404 1961 ¹⁰⁰)
441 1904 645 1947 refutauit
675 1905 837 1947 Teuffel
856 1906 954 1962 ¹⁰¹),
999 1905 1252 1947 Teuffelium
1289 1904 1520 1947 Buecheler
1537 1906 1624 1961 ¹⁰²),

238 1987 311 2041 qui
341 1985 513 2041 quidem
538 1986 649 2028 nihil
678 1985 795 2028 aliud
825 1985 1022 2028 extricari
1061 1997 1185 2041 posse
1213 1985 1389 2036 censuit,
1423 1996 1549 2039 quam
1578 1985 1627 2026 ut

233 2068 336 2110 ante
366 2079 407 2109 u.
426 2067 510 2109 323
540 2067 770 2109 frustulum
791 2066 899 2108 illud
917 2066 1236 2121 pronuntiatum
1255 2066 1386 2108 fuisse
1407 2066 1624 2108 statueret.

238 2148 359 2191 nobis
379 2159 478 2191 uero
494 2147 547 2191 ad
568 2147 712 2191 sedem
733 2147 852 2190 illius
873 2159 1019 2191 uersus
1041 2136 1319 2211 definiendam
1333 2158 1403 2189 uu.
1424 2145 1624 2189 263—75

238 2230 400 2286 aliquid
415 2230 600 2273 conferre
617 2230 826 2273 uidentur.
857 2243 991 2285 neque
1008 2230 1124 2273 enim
1139 2229 1440 2286 intellegimus,
1459 2241 1532 2271 cur
1548 2228 1624 2271 So-

239 2312 375 2356 crates
389 2311 456 2356 bis
481 2311 534 2355 ad
549 2311 694 2356 Nubes
709 2313 902 2369 precetur
919 2312 961 2355 et
985 2324 1053 2355 uu.
1073 2310 1156 2354 265
1174 2323 1263 2366 sqq.
1286 2310 1415 2354 etuu.
1430 2309 1514 2353 269
1535 2321 1624 2364 sqq.
1703 2324 1705 2326 ·

342 2548 409 2594 99)
439 2548 463 2585 1.
493 2547 518 2585 1.
546 2556 582 2595 p.
613 2546 700 2584 678.

350 2609 442 2657 100)
472 2610 496 2647 Ι.
533 2610 555 2647 Ι.
584 2610 613 2646 V
643 2618 677 2658 p.
711 2608 772 2646 12.

347 2671 438 2719 101)
468 2672 566 2711 Mus·
597 2672 716 2710 Rhen.
743 2671 771 2709 X
801 2680 837 2720 p.
870 2671 959 2709 228.

349 2737 441 2786 102)
471 2736 530 2776 Cf.
560 2737 637 2775 not.
667 2735 730 2774 99.
