1812 3185
741 247 1033 290 -19—

193 375 434 420 tosthenem
472 387 687 419 erroneam
726 374 778 418 de
832 373 1113 443 epirrhemate
1151 373 1393 429 opinionem
1430 377 1574 431 protu-

193 456 314 509 lisse,
367 458 416 500 ut
462 456 572 500 nihil
619 455 717 498 inde
763 454 936 510 quidem
977 452 1272 510 impedimenti
1314 456 1435 500 nobis
1478 469 1574 500 nas-

194 538 324 580 catur.

192 685 232 727 d.
265 684 397 737 Quae
418 685 619 727 nostrae
641 683 698 726 de
719 684 1083 741 epssirrhematis
1101 686 1327 741 tempore
1347 686 1575 741 opinioni

705 764 1053 808 uelificentur.

587 897 621 918 a.
672 883 728 918 De
753 884 859 928 Vesp.
886 895 944 917 uu.
965 886 1162 918 1284—91.

304 975 474 1019 Exactis
490 974 824 1018 aduersariorum
847 974 986 1017 causis
1010 974 1211 1018 addemus
1232 975 1445 1028 nonnulla,
1465 988 1571 1031 quae

189 1056 444 1101 sententiam
470 1060 660 1099 nostram
685 1053 883 1098 adiuuare
908 1052 1144 1097 uideantur.
1195 1055 1429 1111 Vesparum
1457 1056 1572 1100 enim

188 1149 258 1179 uu.
276 1136 390 1179 1284
399 1136 502 1178 -91
523 1136 648 1191 poeta
666 1134 820 1185 narrat,
844 1145 899 1192 ⁶se
918 1146 944 1176 a
964 1133 1117 1177 Cleone
1135 1135 1228 1177 tam
1246 1134 1359 1178 male
1378 1136 1571 1179 habitum

189 1216 342 1269 fuisse,
372 1204 428 1259 ‘ut
461 1215 765 1272 aliquantisper
814 1214 1008 1270 quidem,
1057 1213 1158 1258 dum
1208 1227 1234 1258 a
1263 1216 1570 1271 spectatoribus

189 1297 402 1341 desertum
437 1309 529 1340 sese
567 1295 767 1348 uidisset,
807 1295 878 1339 uel
906 1295 1147 1339 adularetur
1174 1296 1316 1340 uirum
1343 1296 1571 1341 infestissi-

187 1390 319 1422 mum.
378 1377 568 1422 fiaudem
602 1377 746 1421 autem
783 1376 852 1419 illi
889 1388 935 1419 se
971 1375 1122 1420 fecisse
1146 1376 1296 1435 (1291)
1322 1390 1399 1421 nec
1424 1391 1569 1423 ueram

186 1459 428 1516 praebuisse
448 1458 727 1503 sententiam'.
757 1470 817 1500 -ex
836 1457 905 1500 his
931 1457 1219 1514 intellegimus
1234 1459 1451 1515 primum
1474 1462 1568 1516 qui-

187 1540 285 1583 dem
313 1539 642 1595 Aristophanem
680 1551 706 1582 a
735 1537 888 1582 Cleone
915 1539 1055 1582 nescio
1085 1551 1213 1595 quam
1241 1539 1294 1583 ob
1322 1551 1414 1582 rem
1441 1552 1568 1584 uexa-

186 1621 280 1664 tum
302 1632 413 1671 esse,
445 1618 627 1662 deinde
645 1631 746 1662 uero
771 1631 857 1662 non
876 1631 971 1662 eam
990 1619 1158 1663 Cleonis
1186 1620 1472 1664 inuectionem
1489 1621 1569 1665 hoc

186 1701 278 1745 loco
307 1700 404 1752 dici,
436 1711 563 1754 quam
591 1701 717 1756 poeta
744 1701 843 1756 post
858 1688 1117 1756 Babylonios
1137 1700 1399 1744 comoediam
1427 1703 1568 1745 actam

184 1793 404 1838 perpessus
434 1781 525 1823 erat
539 1782 608 1838 ⁸⁸).
667 1780 818 1836 quodsi
849 1781 1110 1836 quaerimuS‚
1143 1793 1224 1836 quo
1254 1781 1426 1825 tandem
1455 1784 1567 1826 tem-

184 1873 285 1917 pore
311 1861 358 1904 in
376 1861 484 1903 hanc
512 1860 801 1904 calamitatem
833 1861 1041 1913 inciderit,
1071 1861 1169 1916 post
1187 1860 1362 1917 Equites
1393 1861 1479 1919 (01.
1496 1863 1566 1915 88,

186 1942 214 1985 2
242 1954 375 1985 mens.
405 1940 588 1998 Gamel.)
631 1941 675 1984 et
708 1942 806 1985 ante
846 1941 1007 1998 Vespas
1045 1941 1209 1984 fabulas
1236 1943 1353 1986 actas
1381 1941 1467 2000 (Ol.
1494 1943 1565 1996 89,

186 2023 214 2066 2
259 2035 392 2066 mens.
432 2021 663 2080 Elapheb.)
679 2024 747 2081 ⁶⁹)
792 2022 837 2066 id
879 2022 1040 2066 iactum
1082 2035 1174 2066 esse
1225 2025 1403 2080 oportet.
1470 2037 1566 2069 cum

184 2104 329 2148 autem
355 2115 492 2155 causa,
514 2115 595 2158 qua
616 2102 784 2147 Cleonis
812 2104 877 2147 ira
905 2103 1167 2156 excitaretur,
1199 2105 1273 2148 aut
1300 2105 1346 2148 in
1372 2118 1417 2148 re
1444 2105 1566 2150 nobis

185 2198 269 2230 non
297 2185 466 2242 cognita
492 2184 568 2227 aut
594 2183 641 2227 in
659 2184 765 2241 ipsis
795 2197 899 2240 quas
918 2184 1144 2241 Equitibus
1164 2185 1210 2229 in
1238 2198 1337 2230 eum
1364 2186 1567 2230 effuderat

185 2266 408 2311 calumniis
438 2264 578 2322 posita
605 2264 737 2309 fuisse
766 2265 940 2319 debeat,
966 2266 1175 2323 posterior
1205 2266 1415 2310 sententia
1446 2266 1565 2311 uide-

183 2350 255 2392 tm·
288 2360 381 2392 esse
414 2345 695 2405 praeferenda.
753 2358 854 2390 nam
883 2347 996 2402 quod
1024 2348 1182 2392 scimus
1218 2348 1423 2404 impetus,
1459 2361 1563 2404 quos

183 2427 515 2485 Babyloniorum
542 2427 685 2472 fabula
719 2427 766 2472 in
793 2428 992 2473 Cleonem
1019 2412 1213 2481 fecerat‚'
1235 2428 1425 2486 singulos
1462 2430 1561 2474 illos

185 2510 228 2553 et
245 2521 329 2578 ⁸per
356 2509 494 2553 totam
520 2508 783 2553 comoediam
803 2521 969 2566 sparsos
992 2510 1044 2552 ab
1065 2510 1144 2552 hoc
1162 2521 1246 2553 non
1264 2510 1396 2554 tacito
1417 2511 1559 2556 animo

285 2681 354 2734 58)
383 2682 439 2723 W.
466 2683 640 2723 Ribbeck
672 2685 700 2723 Ι.
730 2685 754 2722 Ι.
783 2693 821 2733 p.
848 2681 927 2721 304
954 2691 1036 2730 sqq.

289 2745 357 2796 5⁹)
385 2744 444 2786 Cf.
472 2744 552 2785 not.
579 2746 642 2785 51.
